2498 3840
100 203 120 266 6
402 203 535 256 APVLEI
553 201 736 258 APOLOGIA
754 209 779 258 4.
799 208 815 256 5

54 311 186 449 diddilonge
215 371 436 430 decorissimum
463 372 568 446 fuisse,
595 373 629 428 ut
656 370 744 430 Plato
773 373 922 446 autumat,
949 371 1081 447 itemque
1107 312 1167 452 ,aa

97 461 207 519 multos
230 461 422 535 philosophos
451 459 488 519 ab
513 479 562 518 ore
584 461 808 520 honestissimos
835 463 995 519 memoriae
1017 461 1140 536 prodi,⁸

97 549 150 624 qui
181 550 311 627 gratiam
344 550 475 624 corporis
509 567 625 607 morum
661 548 894 608 honestamentis
932 550 1112 608 ornauerint.

97 637 150 696 sed
171 638 244 697 haec
267 637 407 712 defensio,
431 641 466 696 ut
488 637 558 712 dixi,
582 638 715 713 aliquam
735 638 864 696 multum
888 657 906 696 a
927 657 975 696 me
997 641 1113 697 remota

70 729 156 801 aest,
184 728 233 786 oui
258 728 377 802 praeter
404 728 517 785 formae
544 727 781 786 mediocritatem
808 728 993 785 continuatio
1021 729 1113 786 etiam

96 815 225 875 litterati
247 815 357 875 laboris
381 834 499 874 omnem
522 817 652 893 gratiam
674 833 795 891 corpore
821 815 967 893 deterget,
995 816 1112 875 habitu-

96 904 197 963 dinem
219 906 332 978 tenuat,
355 923 460 964 sucum
483 904 627 979 exsorbet,
651 904 779 963 colorem
802 903 956 978 obliterat,
978 905 1113 980 uigorem

96 992 242 1052 debilitat.
289 993 415 1068 capillus
448 994 525 1069 ipse,
557 1012 645 1068 quem
677 995 729 1052 isti
759 996 863 1069 aperto
892 994 1046 1052 mendacio
1075 993 1112 1052 ad

96 1081 278 1140 lenocinium
313 1081 427 1141 decoris
462 1084 642 1158 promissum
678 1081 790 1156 dixere,
826 1082 910 1141 uides
948 1101 1039 1157 quam
1073 1084 1113 1140 sit

56 1190 83 1230 io
97 1190 237 1230 amoenus
263 1189 298 1230 ac
326 1170 484 1244 delicatus,
511 1172 633 1230 horrore
654 1171 800 1246 implexus
824 1174 914 1247 atque
941 1171 1113 1246 impeditus,

54 1272 83 1311 *89
96 1262 225 1335 stuppeo
253 1262 386 1319 tomento
414 1259 559 1319 adsimilis
587 1263 617 1318 et
643 1259 843 1335 inaequaliter
869 1261 966 1320 hirtus
997 1263 1026 1319 et
1049 1261 1112 1338 glo-

96 1348 185 1408 bosus
209 1351 239 1408 et
266 1351 435 1427 congestus,
462 1367 600 1424 prorsum
626 1348 823 1408 inenodabilis
852 1349 970 1408 diutina
996 1350 1111 1408 incuria

95 1456 156 1496 non
173 1437 261 1497 modo
276 1437 419 1512 comendi,
438 1437 489 1496 sed
507 1438 615 1497 saltem
632 1437 807 1513 expediendi
825 1441 855 1496 et
873 1437 1111 1496 disemminaudi:

96 1527 169 1585 satis
192 1529 229 1584 ut
250 1531 324 1602 puto
346 1526 473 1586 crinium
496 1525 616 1600 crimen,
635 1527 715 1602 quod
733 1527 781 1585 illi
804 1527 891 1602 quasi
914 1527 1043 1602 capitale
1065 1521 1111 1585 iu·

56 1634 81 1674 15
95 1615 264 1689 tenderunt,
286 1617 444 1674 refutatur.

54 1716 83 1755 ‘⁹0
162 1704 207 1763 De
231 1704 402 1779 eloquentia
424 1723 505 1779 uero,
528 1705 554 1763 si
573 1723 633 1780 qua
655 1705 729 1764 mibi
747 1705 863 1780 fuisset,
885 1724 980 1780 neque
1003 1699 1147 1763 mirum5

95 1812 190 1869 neque
213 1793 394 1853 inuidiosum
418 1793 538 1852 deberet
560 1793 667 1867 uideri,
689 1795 716 1854 si
739 1794 776 1854 ab
798 1796 919 1853 ineunte
943 1785 1112 1875 aeuollunis

95 1882 203 1941 studiis
224 1882 393 1941 litterarum
412 1902 448 1940 ex
471 1881 592 1942 summis
614 1882 728 1942 uiribus
747 1883 863 1943 deditus
883 1882 1019 1942 omnibus
1043 1883 1111 1942 aliis

95 1973 204 2047 spretis
227 1971 434 2046 uoluptatibus
463 1971 579 2031 adhoc
603 1971 670 2030 aeui
692 1971 772 2030 haud
799 1971 892 2031 sciam
920 1991 995 2030 anne
1023 1990 1112 2047 super

54 2079 82 2119 ao
96 2060 191 2119 omnis
218 2060 353 2119 homines
375 2061 508 2135 impenso
532 2060 633 2120 labore
656 2060 766 2136 diuque
794 2063 943 2136 noctique
968 2078 1035 2120 oum
1063 2060 1111 2119 de-

96 2151 201 2224 spectu
233 2151 263 2207 et
295 2148 449 2224 dispendio
477 2148 572 2208 bonae
606 2149 784 2208 valetudinis
822 2169 887 2208 eam
920 2151 1111 2225 quaesissem.

96 2238 148 2297 sed
169 2237 246 2296 nihil
269 2239 306 2297 ab
330 2237 502 2312 eloquentia
523 2240 673 2312 metuant,
699 2257 791 2313 quam
814 2257 883 2316 ego,
907 2240 932 2296 si
956 2238 1028 2313 quid
1051 2258 1112 2298 om·

95 2328 166 2385 nino
188 2324 339 2402 promoui,
366 2328 466 2402 potius
492 2345 578 2402 spero
601 2347 691 2402 quam
714 2329 842 2402 praesto.
888 2346 959 2386 sane
983 2328 1139 2403 quideme

95 2417 122 2474 si
144 2435 250 2474 uerum
273 2417 318 2474 est
341 2415 420 2490 quod
444 2415 576 2474 Statium
599 2414 761 2474 Caecilium
783 2415 816 2474 in
839 2418 901 2475 suis
924 2415 1111 2491 poematibus

55 2503 248 2580 rescripsisse
272 2503 383 2579 dicunt,
406 2505 608 2563 innocentiam
634 2504 835 2579 eloquentiam
858 2523 934 2579 esse,
962 2524 1017 2583 ego
1040 2524 1111 2563 uero

95 2593 237 2668 profiteor
258 2594 318 2652 ista
340 2593 457 2652 ratione
485 2612 519 2651 ae
542 2594 677 2669 praefero
705 2613 752 2652 me
779 2594 892 2652 nemini
920 2595 1052 2652 omnium
1076 2593 1111 2652 de

167 2833 188 2886 F
205 2833 294 2887 105⁰&
314 2839 387 2902 ‘92⁸-
451 2839 465 2890 1
485 2834 559 2888 Plau
578 2834 736 2888 Parntcuid.
756 2835 853 2888 12713
915 2839 930 2886 3
950 2834 1112 2888 ornauerint

95 2941 140 3008 <aa
158 2941 342 2995 recentissima
360 2957 492 3009 capuam.
507 2909 585 3010 erunt)
652 2946 667 2994 5
688 2917 810 2994 dtiniitio
828 2917 854 3010 (a
869 2942 932 2995 cdd.
952 2941 1011 2995 ead.
1030 2944 1076 3009 m.)

95 3016 111 3063 9
131 3027 216 3079 quam
235 3029 291 3065 non
309 3029 341 3078 v;
358 3012 406 3067 aed
423 3012 511 3066 eludit
528 3012 699 3067 aduersarios
772 3017 803 3066 11
823 3012 975 3066 tomento
994 3016 1072 3081 (crae.
1087 3015 1110 3080 r)

474 3085 501 3188 ,h

95 3118 252 3185 emm
370 3085 790 3188 Qumamffl
891 3119 1073 3172 amm

96 3189 289 3257 quintender?
368 3195 400 3243 15
419 3189 608 3244 refiitatume
686 3195 718 3243 17
739 3190 775 3261 si]
794 3190 843 3258 qui
865 3189 926 3244 Oud
1003 3190 1027 3243 si
1050 3189 1111 3257 qui-

94 3295 277 3351 mmm
384 3270 1110 3366 mmmmmmmmmm

132 3372 166 3419 24
182 3368 283 3434 fu248
315 3368 399 3423 aaa.
406 3369 439 3421 P.
447 3368 481 3421 F.
493 3367 625 3422 Ribbcclc⁸
638 3368 677 3420 II
682 3385 713 3436 p.
722 3372 760 3422 86
815 3373 847 3421 25
863 3368 982 3421 di'o'unt*
996 3370 1111 3437 (creec,

94 3455 115 3513 ¹¹.
133 3440 169 3491 al.
186 3457 219 3493 m.
234 3446 299 3493 mut.
315 3441 346 3492 iu
365 3455 390 3507 a,
409 3439 456 3494 sed
473 3441 505 3492 iu
523 3456 574 3509 my.
586 3455 631 3507 pr.
646 3456 680 3492 ra.
696 3439 760 3493 add.
777 3441 840 3508 dan)
921 3439 1075 3508 o:dicanto

76 3503 196 3555 (domne
209 3509 378 3565 ffMueller
445 3511 546 3564 dicunt
564 3509 653 3564 animi
672 3509 782 3580 Sauppe
853 3509 1014 3565 innocentia
1032 3512 1060 3579 (a
1078 3526 1112 3564 ec

54 3569 199 3634 ΜΛ
216 3579 268 3642 m)
346 3581 561 3648 winnocontid
