2498 3840
389 190 523 244 APVLEI
541 189 724 244 APOLOGIA
744 195 777 243 25
1051 190 1094 254 29

23 299 77 339 oua.
144 360 251 418 Nonne
269 378 322 419 uos
340 359 479 435 puditum
498 362 544 418 est
562 360 636 417 haee
655 359 780 417 erimina
797 358 854 417 tali
873 358 938 417 uiro
957 359 1096 417 audiente
1110 302 1150 415 dd

77 452 141 507 tam
164 448 337 507 adseuerate
361 448 521 523 obiectare,
548 448 659 507 friuola
686 452 718 506 et
744 448 823 506 inter
845 465 875 506 se
897 450 1097 524 repugnantia

77 538 168 596 simul
194 556 329 613 promere
362 539 392 595 et
422 540 549 612 utraque
577 539 678 595 tamen
707 535 941 612 reprehendere?
973 539 1005 594 at
1036 556 1096 596 non

78 627 227 685 contraria
255 625 438 687 accusastis?
465 645 567 702 peram
596 627 626 684 et
652 626 794 684 baoulum
817 625 853 684 ob
878 628 1096 700 auctoritatem,

78 715 211 774 earmina
243 717 273 773 et
304 716 457 792 speculum
489 715 526 774 ob
558 715 756 789 hilaritatem,
788 735 881 773 unum
912 732 1031 772 seruum
1062 717 1097 772 ut
1125 737 1136 776 e

21 815 64 855 449
78 804 170 880 parci,
193 804 248 862 tris
272 805 394 864 libertos
412 807 448 862 ut
466 804 589 879 profusi,
612 807 767 880 praeterea
785 804 986 879 eloquentiam
1006 802 1099 861 Grae-

78 912 152 968 oam,
175 893 306 967 patriam
328 892 508 951 barbaram?
553 893 626 967 quin
652 893 747 970 igitur
772 893 895 951 tandem
922 892 1096 969 expergisci·

77 982 152 1041 mini
180 1000 215 1040 no
246 999 299 1041 uos
332 981 472 1060 cogitatis
504 982 583 1058 apud
612 981 771 1040 Claudium
797 983 961 1040 Maximum
993 982 1098 1055 disere,

78 1070 159 1146 apud
185 1071 284 1129 uirum
311 1089 450 1130 seuerum
478 1073 507 1130 et
534 1071 627 1130 totius
655 1070 827 1146 prouinciae
857 1071 985 1148 negotiis
1013 1089 1097 1129 oeen-

78 1158 205 1236 patum?
241 1160 323 1235 quin,
344 1161 477 1235 inquam,
498 1178 576 1218 uana
595 1161 668 1218 haee
688 1159 822 1218 eonuioia
841 1158 987 1218 aufertis?
1024 1159 1096 1234 quin
1112 1182 1137 1220 ro

79 1249 235 1308 ostenditis
264 1249 342 1324 quod
370 1248 612 1323 insimulauistis‚
640 1249 751 1307 seelera
776 1248 920 1307 immdnia
944 1251 973 1307 et
996 1248 1097 1306 inoon-

79 1356 161 1397 oessa
183 1337 330 1396 maleficia
353 1341 383 1396 et
406 1339 480 1396 artis
503 1336 668 1396 nefandas?
706 1356 758 1396 our
776 1339 876 1397 uestra
895 1337 991 1396 oratio
1009 1337 1097 1396 rebus

78 1427 191 1500 llaooet,
213 1427 342 1503 strepitu
364 1425 470 1504 uiget?

24 1531 67 1571 ⁴⁵0
146 1516 312 1593 Aggredior
335 1517 414 1574 enim
436 1517 499 1574 iam
519 1507 522 1597 l
544 1516 581 1574 ad
604 1517 702 1590 ipsum
726 1516 837 1574 orimen
859 1516 991 1592 magiae,
1019 1513 1098 1590 quod
1112 1529 1138 1567 se

79 1605 195 1682 ingenti
221 1605 354 1663 tumultu
382 1604 420 1663 ad
446 1604 593 1663 inuidiam
615 1607 675 1662 mei
700 1622 855 1663 assensum
882 1605 1027 1662 frustrata
1050 1623 1097 1661 ex·
1113 1624 1137 1664 15

78 1695 250 1769 pestatione
278 1695 410 1753 omnium
436 1713 491 1769 per
516 1693 615 1752 neseio
643 1712 718 1768 quas
747 1693 835 1751 anilis
860 1693 978 1752 fabulas
1001 1693 1098 1751 defre-

80 1782 185 1860 glauit.
241 1782 430 1857 eoquandone
468 1782 586 1856 uidisti,
623 1782 763 1856 Maxime,
800 1782 951 1840 flammam
986 1781 1098 1857 stipula
1161 1837 1168 1842 ,

79 1872 215 1930 exortam
247 1872 327 1930 olaro
358 1872 487 1948 crepitu,
524 1872 608 1948 largo
644 1871 774 1947 fulgore,
812 1873 871 1929 aito
907 1871 1098 1944 incremento,

80 1960 235 2019 sedenim
257 1960 384 2019 materia
412 1960 485 2037 leui,
514 1960 623 2018 eaduoo
647 1959 796 2033 incendio,
823 1959 915 2017 nullis
941 1957 1098 2034 reliquiis?

81 2067 128 2106 em
155 2048 213 2107 tibi
240 2048 294 2107 illa
323 2049 472 2108 aoousatio
499 2049 607 2126 iurgiis
634 2049 724 2122 inita,
752 2049 850 2107 uerbis
879 2050 982 2123 sueta,
1010 2066 1097 2124 argu·
1112 2069 1138 2108 ao

80 2139 190 2196 mentis
227 2137 355 2212 defecta,
396 2138 487 2196 nullis
524 2140 592 2213 post
628 2138 806 2197 sententiam
843 2140 928 2196 tuam
963 2137 1098 2213 reliquiis

81 2227 249 2286 calumniae
262 2245 467 2303 permansura.
504 2246 581 2302 quae
601 2227 720 2302 quidem
735 2226 829 2285 omnis
839 2217 848 2307 Η
857 2226 1026 2285 Aemiliano
1040 2226 1099 2283 fuit

81 2315 114 2372 in
136 2315 195 2374 isto
219 2334 278 2374 uno
303 2315 461 2389 destinata,
483 2335 531 2374 me
554 2335 675 2394 magum
698 2334 770 2388 esse,
794 2317 823 2374 et
841 2315 907 2373 ideo
928 2316 1002 2372 mihi
1024 2315 1099 2373 libet

81 2423 224 2480 quaerere
247 2404 284 2462 ab
309 2404 517 2463 eruditissimis
541 2405 603 2463 eius
627 2405 793 2479 aduocatis,
823 2404 894 2478 quid
922 2405 962 2461 sit
984 2422 1098 2481 magus.

147 2493 227 2552 Nam
246 2493 281 2566 si,
300 2492 381 2569 quod
400 2511 452 2570 ego
470 2494 551 2568 apud
567 2494 711 2569 plurimos
725 2494 800 2570 lego,
819 2492 977 2551 Persarum
995 2493 1099 2570 lingua
1113 2513 1138 2552 aa

152 2679 173 2732 F
191 2680 336 2734 109b110·.
361 2686 434 2748 av.
546 2686 561 2732 2
580 2679 685 2734 fribola
704 2681 747 2750 (φ)
765 2680 784 2733 b
803 2697 870 2734 eorr.
886 2681 918 2733 ia
932 2681 948 2712 V
962 2697 996 2732 m.
1011 2696 1062 2734 ree.

81 2752 148 2805 dat
162 2753 205 2820 (φ)
225 2769 258 2806 ea
276 2752 321 2804 Ad
339 2753 523 2806 carneaden.
593 2767 630 2803 an
646 2752 709 2806 Colo
777 2751 1010 2805 4austeritatem
1024 2752 1098 2806 Fata

79 2823 144 2889 fori.
163 2829 232 2877 reete
352 2824 394 2894 7s8
415 2821 609 2894 expgiloimini
627 2825 670 2892 (φ)
690 2821 719 2892 gi
738 2839 806 2878 corr.
826 2837 912 2891 aege
931 2822 990 2876 ead.
1010 2840 1043 2875 m.

82 2899 114 2946 11
142 2892 292 2948 ostenditis
311 2896 375 2962 (oid.
401 2895 534 2948 librariae
555 2893 670 2947 seribere
692 2895 809 2948 uoluisse
831 2893 945 2960 host—,
972 2894 1019 2946 sed
1042 2894 1099 2961 ipse

80 2981 245 3052 emendasse)
316 2982 454 3036 immunia
473 2985 516 3052 (φ)
553 3000 601 3037 eae.
618 2982 689 3036 eolo.
771 2987 804 3035 14
823 2977 919 3050 ει(1191ιί
938 2976 1025 3051 (⁸ae'd.
1039 2983 1098 3035 ead.

81 3071 116 3110 m.
131 3054 281 3123 addidisse)
373 3054 450 3125 lolli
470 3053 642 3124 defraglanit
697 3053 908 3122 o:deflagrauit
961 3054 995 3120 ef.
1016 3055 1098 3107 Aret.

80 3126 102 3192 s.
118 3125 135 3180 1.
151 3126 218 3179 Lea.
234 3126 308 3178 IVs
328 3126 371 3178 VI
381 3130 399 3178 4
517 3131 548 3178 17
570 3125 755 3193 ecquandone
774 3127 817 3192 (φ)
836 3125 872 3178 ai.
887 3142 921 3179 ns.
937 3126 980 3190 eff.
997 3126 1063 3178 et·-

82 3201 115 3250 19
135 3195 229 3249 nullos
244 3199 271 3265 (o
290 3212 358 3250 cerr.
369 3199 427 3264 ia]
447 3197 506 3250 ead.
522 3199 566 3262 m.)
639 3200 673 3247 20
695 3200 731 3248 e*
751 3202 829 3264 (eras
845 3214 864 3248 n
882 3202 964 3249 antea
983 3197 1098 3263 induat.)

81 3283 169 3336 auem
269 3273 302 3320 22
321 3267 510 3335 permansuris
526 3269 644 3333 Woeoer;
662 3269 710 3320 sed
728 3269 866 3322 accusatio
885 3269 947 3335 ipsa
965 3273 1101 3321 evanescet

81 3345 113 3393 at
130 3341 257 3408 flavianam
275 3340 406 3407 reliquiae
424 3345 514 3392 autem
530 3339 651 3408 yeaeiiao
665 3339 829 3407 euplieatioo
843 3339 1001 3392 accuratius
1014 3338 1099 3408 siqni-

79 3463 203 3531 lieaatai·
275 3468 308 3516 25
323 3421 360 3532 dd
376 3463 440 3533 (aid.
455 3464 515 3517 ead.
529 3481 563 3517 m.
579 3464 638 3532 em.)
675 3440 756 3531 adid
773 3463 890 3531 <lineola
907 3463 993 3523 eausa
1054 3475 1115 3518 ‘aaa

79 3571 120 3638 (φ,
140 3570 171 3622 e'a
189 3587 239 3639 azy,
251 3571 287 3624 al.
298 3588 333 3626 m.
343 3572 357 3586 '¹
367 3571 387 3626 l’
403 3547 417 3627 d
432 3573 499 3645 ego)
