2498 3840
338 183 344 191 ·
401 162 534 226 Apuani
552 169 736 225 Arctoam
750 127 796 225 ¹4⁷.
816 175 851 225 aa
991 249 993 255 Ι
1088 171 1133 235 55

63 283 117 324 oud.
1147 283 1187 321 Kr.

61 355 103 395 ⁵0³
115 339 272 402 renerent?
317 345 347 400 at
370 341 469 401 nullas
492 341 606 400 hostias
629 340 688 399 nisi
712 341 839 418 gallinas
862 341 1047 399 nominastis.
1094 359 1133 398 an

115 436 151 490 ut
174 449 268 509 grana
290 432 367 489 turis
390 433 589 498 numerarent,
613 447 653 488 an
675 431 710 488 ut
733 429 873 488 Thallum
890 427 1132 505 prosternerent?

183 521 339 578 Mulierem
371 520 462 578 etiam
498 519 624 577 liberam
655 518 846 594 perductam.
862 518 901 576 ad
932 538 980 576 me
1012 517 1133 577 domum
1148 517 1186 574 4⁸

117 610 233 669 dixistis
262 608 394 667 eiusdem
421 609 526 678 Thalli,
549 608 746 683 ualetudinis,
779 626 870 683 quam
897 626 952 684 ego
979 608 1133 682 pollicitus

117 699 173 759 sim
201 701 386 772 curaturum,
414 716 481 756 cam
508 716 625 773 quoque
654 716 672 755 a
694 699 953 756 meincantatam
979 698 1132 756 corruisse.
1160 717 1173 757 s

117 790 152 846 ut
174 788 275 862 uideo,
300 806 354 847 uos
377 787 599 862 palaestritam,
626 805 685 845 non
710 806 831 864 magum
855 787 1028 844 accusatum
1050 786 1133 844 ueni·
1202 836 1204 841 Α

116 879 185 937 stis:
208 879 253 936 ita
276 877 371 935 omnis
395 878 448 952 qui
467 894 514 934 me
534 894 679 935 accessere
702 876 803 936 dicitis
822 875 969 935 cecidisse.
1011 877 1135 954 negauit

115 970 219 1024 tamen
246 966 406 1041 quaerente
434 967 478 1038 te,
505 965 647 1038 Maxime,
676 965 836 1024 Themison
860 964 1005 1039 medicus,
1034 983 1133 1040 aquo

116 1056 224 1113 mulier
256 1055 294 1113 ad
326 1054 543 1130 inspiciendum
572 1055 716 1129 perducta
748 1056 806 1129 est,
839 1056 999 1130 quicquam
1021 1045 1030 1135 Η
1053 1055 1134 1112 ultra

116 1163 237 1219 passam
264 1145 323 1202 nisi
350 1145 500 1219 quaesisse
532 1163 592 1211 me,
625 1143 731 1218 ecquid
760 1144 808 1202 illi
835 1161 921 1202 aures
949 1143 1133 1202 obtinnirent
1147 1163 1175 1204 ro

118 1236 147 1290 et
165 1237 235 1291 utra
253 1252 357 1290 earum
375 1234 485 1309 magis3
508 1232 560 1290 ubi
578 1232 766 1307 responderit
784 1232 935 1290 dexteram
954 1232 1012 1292 sibi
1031 1250 1134 1290 aurem

62 1331 104 1369 ⁵⁰⁶
118 1324 207 1381 nimis
228 1323 402 1396 inquietam,
419 1313 422 1403 Ι
440 1322 597 1381 confestim
620 1321 796 1381 discessisse.
837 1322 886 1379 hic
909 1339 972 1398 ego,
996 1321 1133 1394 Maxime,

119 1429 291 1486 quanquam
310 1410 412 1470 sedulo
430 1411 700 1486 inpraesentiarum
720 1410 893 1470 alaudibus
912 1411 973 1469 tuis
991 1413 1133 1488 tempero,

117 1499 224 1558 necubi
255 1500 314 1558 tibi
345 1500 382 1557 ob
415 1516 536 1559 causam
566 1501 658 1560 istam
689 1500 794 1559 uidear
830 1499 996 1574 blandituS,
1032 1501 1134 1558 tamen

117 1589 283 1647 sollertiam
317 1592 404 1647 tuam
440 1591 472 1647 in
508 1589 709 1663 percontando
745 1605 859 1665 nequeo
896 1589 970 1665 quin
1005 1588 1132 1647 laudem.
1149 1608 1176 1650 1⁵

117 1678 229 1736 dudum
261 1679 354 1750 enim,
387 1696 454 1736 cum
486 1677 558 1736 haec
591 1679 778 1756 agitarentur
808 1680 838 1736 et
869 1678 917 1736 illi
947 1679 1134 1736 incantatam

116 1768 273 1826 mulierem
288 1767 428 1842 dicerent,
446 1767 578 1825 medicus
597 1769 650 1843 qui
667 1765 806 1826 adfuerat
819 1766 970 1840 abnueret,
990 1768 1135 1841 quaesisti

117 1859 152 1913 tu
174 1857 264 1914 nimis
288 1874 379 1931 quam
401 1855 573 1932 prudenter,
596 1855 675 1930 quod
693 1856 769 1914 milri
787 1855 1018 1914 emolumentum
1041 1856 1134 1914 fuerit

117 1944 299 2002 incantandi.
330 1944 560 2019 responderunt:
575 1938 621 2002 ‘ut
634 1945 742 2003 mulier
754 1939 875 2003 rueret’.
909 1939 993 2018 ‘quid
1006 1942 1134 2002 deinde?

117 2035 236 2091 mortua
259 2028 334 2092 esti'
359 2035 468 2108 inquis.
509 2037 665 2111 negarunt.
710 2027 795 2108 ‘quid
818 2050 888 2110 ergo
911 2030 1032 2092 dicitis?
1055 2033 1135 2108 quod
1148 2054 1176 2094 ao

117 2121 228 2197 Apulei
248 2121 442 2189 commodum,
461 2123 488 2181 si
504 2117 645 2181 missati’
682 2124 728 2181 ita
746 2124 826 2181 enim
843 2121 968 2198 pulchre
985 2140 1020 2180 ac
1037 2141 1135 2197 perse·

117 2213 257 2269 ueranter
279 2213 369 2269 tertio
394 2210 551 2285 quaesisti,
576 2214 612 2269 ut
638 2213 691 2288 qui
719 2213 807 2271 scires
830 2212 963 2270 omnium
985 2211 1135 2270 factorum
1148 2225 1176 2264 5⁹

117 2301 248 2358 rationes
268 2300 440 2376 diligentius
459 2299 672 2360 examinandas
694 2318 730 2358 ac
752 2302 871 2376 saepius
895 2317 998 2359 causas
1022 2303 1134 2375 quaeri,

115 2390 198 2448 iacta
217 2389 346 2462 concedi,
369 2408 463 2465 eoque
484 2390 576 2448 etiam
594 2392 736 2466 patronos
758 2389 947 2468 litigatorum
970 2389 1134 2448 causidicos

117 2479 275 2552 nominari,
295 2479 374 2553 quod
392 2497 444 2538 cur
464 2497 600 2554 quaeque
617 2479 699 2539 facta
717 2479 778 2538 sint
796 2478 962 2554 expediant.
1004 2480 1135 2537 ceterum
1149 2498 1174 2540 as
1232 2495 1235 2504 ’

117 2585 226 2644 negare
253 2568 366 2626 factum
396 2567 496 2626 facilis
522 2585 569 2626 res
589 2570 643 2626 «est
670 2569 701 2627 ot
732 2568 816 2626 nullo
847 2569 975 2643 patrono
1005 2567 1134 2643 indiget:

117 2658 197 2715 recte
220 2657 334 2714 factum
356 2656 405 2714 uel
427 2674 583 2731 perperam
604 2656 717 2731 dooere,
739 2656 771 2715 id
794 2675 865 2715 uero
888 2655 985 2715 multo
1009 2656 1135 2715 arduum

117 2746 148 2803 et
173 2744 294 2802 difficile
322 2747 386 2804 est.
421 2745 535 2803 frustra
560 2746 655 2823 igitur
682 2765 720 2803 an
747 2746 861 2804 factum
889 2747 929 2804 sit
956 2746 1135 2820 anquiritur,

118 2834 197 2908 quod
225 2833 339 2891 nullam
366 2834 477 2892 malam
505 2851 626 2893 causam
652 2834 760 2892 habuit
788 2836 823 2892 ut
851 2833 943 2892 fieret.
988 2835 1033 2892 ita
1061 2834 1135 2892 facti

118 2941 186 2981 reus
209 2921 289 2998 apud
311 2922 422 2980 bonum
449 2922 579 2982 iudicem
607 2924 745 2999 scrupulo
774 2924 957 2999 quaestionis
980 2921 1135 2998 liberatur,

190 3090 211 3143 F
228 3050 305 3147 114¹³.v
321 3110 342 3159 φ
359 3091 470 3147 12¹²13·.
571 3098 584 3146 1
604 3092 641 3146 ad
659 3093 706 3162 (φ,
725 3091 772 3147 scd
789 3093 803 3144 t
820 3092 862 3159 eff.
878 3109 911 3146 ec
930 3091 958 3160 d)
976 3092 1033 3146 scil.
1046 3091 1098 3146 ‘at'

117 3181 153 3246 cs.
169 3181 242 3234 Pau.
258 3181 274 3234 l.
290 3181 307 3234 l.
323 3198 353 3248 p.
364 3184 451 3234 583*
520 3180 671 3234 nominasti
689 3179 780 3234 sancit
834 3169 988 3248 ‹mucia-alti⁵
1002 3175 1022 3250 (¹
1037 3181 1073 3235 al.
1088 3182 1134 3306 mg

119 3267 178 3304 *an
192 3253 225 3304 ut
239 3253 407 3320 (calmae
421 3251 457 3322 ci)
526 3252 726 3305 imundarent
739 3252 807 3306 Prie
878 3250 1010 3305 clnallo
1026 3252 1117 3306 Gacau

155 3321 327 3377 ‘laccesscro
346 3339 431 3390 caco
486 3323 619 3390 cfi52,24
692 3328 725 3376 10
744 3321 804 3375 illis
819 3322 843 3393 (s
858 3323 973 3392 induet.)
1028 3320 1134 3390 ozilli*

118 3395 196 3461 (eros.
213 3394 237 3464 s)
311 3393 485 3447 obtinnirent
503 3393 532 3464 (b
550 3412 584 3449 ca
601 3396 631 3464 p)
650 3397 693 3464 (φ)
788 3398 821 3447 18
840 3393 996 3448 emulumtir
1014 3411 1129 3461 ceap

120 3487 152 3535 19
171 3481 337 3536 incantandi
356 3485 382 3551 (c
396 3501 429 3538 ca
442 3486 455 3537 t
469 3483 584 3553 eadm.)
657 3489 690 3536 22
709 3468 763 3537 ttio
783 3484 826 3552 (φ)
844 3499 861 3536 o
880 3499 914 3538 ecc
932 3498 952 3534 a
968 3482 1085 3534 eodan.
1096 3481 1148 3538 all*-

51 3598 55 3607 ,
153 3556 186 3608 ut
205 3555 238 3623 qs
254 3554 281 3608 ci
298 3554 344 3607 res
359 3557 400 3624 (φ,
419 3555 466 3610 sed
483 3555 516 3610 ia
533 3554 806 3623 ros.cff.cl,au.ut
822 3550 967 3618 stomata
1003 3611 1005 3614 Α
