2498 3840
91 191 135 255 22
376 189 510 244 APVLEI
528 188 712 244 APOLOGIA
731 193 772 242 18.
794 194 826 242 19

54 303 92 341 ud
1142 310 1163 338 r.

90 378 186 436 neque
205 361 273 419 uult
290 359 368 420 ullas
386 378 481 435 neque
500 360 607 433 potest.
643 358 753 434 quippe
772 358 846 417 haec
864 361 895 416 et
914 359 974 416 alia
992 357 1108 434 flagitia

91 448 266 508 diuitiarum
289 449 403 507 alumni
426 448 535 522 solent3
562 448 692 505 maxima
720 464 856 522 quaeque
885 447 997 506 scelera
1025 449 1050 504 si
1073 466 1109 506 ex

92 539 173 598 omni
194 539 339 597 memoria
360 537 514 596 hominum
536 554 722 613 percenseas,
749 535 866 593 nullum
893 537 927 593 in
950 536 1012 595 illis
1034 554 1107 611 pau-

91 645 192 703 peram
214 628 351 703 reperies,
374 628 531 685 utcontra
553 624 627 683 haret
647 627 758 683 temere
776 624 855 683 inter
872 626 1008 683 inlustris
1027 626 1107 685 uiros

54 729 78 768 34
92 716 202 775 diuites
226 717 406 792 comparent,
429 714 481 773 sed
499 732 705 790 quemcunque
727 715 760 772 in
783 714 885 788 aliqua
907 713 996 772 laude
1018 715 1109 772 mira·

65 825 172 880 emur,
200 823 268 863 eum
290 807 451 881 paupertas
479 804 516 862 ab
543 802 731 862 incunabulis
759 804 909 862 nutricata
937 804 989 861 est.
1035 822 1108 877 pau-

91 896 206 970 pertas,
237 895 374 969 inquam,
405 895 505 970 prisca
532 895 607 969 aput
633 892 753 950 saecula
779 892 912 952 omnium
939 893 1109 951 ciuitatium

92 983 252 1058 conditrix,
265 973 274 1064 Η
289 984 421 1041 omnium
445 984 556 1041 artium
577 982 736 1056 repertrix,
764 981 897 1040 omnium
919 983 1109 1056 peccatorum

91 1074 190 1148 inops,
214 1073 310 1131 omnis
333 1071 447 1148 gloriae
469 1069 622 1145 munifica,
646 1069 760 1130 cunctis
782 1069 921 1129 laudibus
945 1069 1024 1145 apud
1047 1088 1109 1128 om-

54 1181 78 1222 rc
91 1162 138 1219 nis
166 1162 302 1219 nationes
328 1161 493 1237 perfuncta.
539 1159 643 1218 eadem
670 1161 716 1218 est
738 1159 817 1218 enim
844 1161 1005 1234 paupertas
1030 1160 1108 1233 apud

92 1247 219 1309 Graecos
238 1251 271 1308 in
291 1249 423 1309 Aristide
438 1250 531 1323 iusta,
554 1250 587 1306 in
604 1248 753 1308 Phocione
776 1248 914 1326 benigna,
936 1249 968 1306 in
986 1247 1108 1323 Epami·

90 1339 190 1414 nonde
222 1342 358 1412 strenua,
389 1339 422 1397 in
451 1336 571 1396 Socrate
604 1339 735 1412 sapiens,
767 1338 800 1396 in
827 1336 956 1396 Homero
988 1337 1108 1395 diserta.
1122 1355 1149 1393 27

91 1428 194 1486 eadem
221 1429 382 1504 paupertas
410 1429 502 1486 etiam
529 1427 640 1503 populo
662 1426 797 1485 Romano
824 1427 984 1502 imperium
1008 1446 1026 1485 a
1047 1428 1108 1502 pri-

90 1516 205 1576 mordio
224 1516 372 1591 fundauit,
390 1534 503 1592 proque
522 1534 556 1574 eo
574 1517 607 1573 in
624 1514 799 1574 hodiernum
818 1515 876 1574 diis
889 1513 1108 1575 immortalibus

54 1624 77 1666 ro
92 1606 219 1681 simpulo
243 1607 273 1664 et
296 1607 395 1665 catino
418 1604 506 1663 fictili
529 1604 686 1663 sacrificat.
733 1604 812 1679 quod
838 1604 973 1663 simodo
997 1604 1108 1663 iudices

54 1706 77 1745 ³⁵
92 1694 127 1752 de
155 1712 245 1754 causa
271 1696 332 1754 ista
359 1694 495 1753 sederent
518 1692 549 1753 O.
573 1693 741 1768 FabriciuS,
771 1691 824 1751 Gn.
850 1691 963 1767 Scipio,
989 1692 1108 1752 Manius

92 1781 211 1858 Curius,
239 1803 367 1859 quorum
391 1783 471 1842 filiae
495 1782 532 1842 ob
555 1783 763 1860 paupertatem
786 1781 822 1840 de
845 1782 965 1857 publico
989 1782 1108 1842 dotibus

92 1871 219 1932 donatae
242 1872 281 1931 ad
303 1874 428 1931 maritos
450 1872 550 1931 ierunt
574 1873 728 1947 portantes
755 1871 882 1948 gloriam
906 1871 1108 1945 domesticam,

90 1963 249 2036 pecuniam
266 1962 426 2038 publicam,
446 1963 472 2020 si
489 1960 645 2019 Publicola
663 1979 767 2037 regum
785 1962 906 2020 exactor
924 1963 955 2019 et
972 1961 1108 2038 Agrippa

54 2069 75 2110 ro
89 2051 194 2126 populi
211 2051 428 2125 reconciliator,
448 2069 574 2125 quorum
592 2050 681 2108 funus
700 2049 737 2109 ob
755 2048 854 2108 tenuis
874 2068 944 2124 opes
964 2051 1107 2125 apopulo

88 2139 223 2198 Romano
248 2140 366 2199 collatis
384 2138 570 2198 sextantibus
590 2139 767 2197 adamatum
791 2140 848 2213 est,
872 2140 899 2197 si
920 2137 1033 2197 Atilius
1051 2138 1108 2197 Re-

89 2227 187 2305 gulus,
210 2229 294 2287 cuius
318 2228 432 2306 agellus
456 2227 493 2286 ob
517 2228 645 2287 similem
662 2228 818 2302 penuriam
839 2227 959 2303 publica
981 2230 1109 2304 pecunia

89 2318 187 2375 cultus
210 2319 268 2392 est,
297 2316 323 2375 si
347 2316 474 2392 denique
498 2334 598 2374 omnes
620 2316 692 2374 illae
716 2318 831 2374 ueteres
854 2318 1012 2391 prosapiae
1041 2335 1107 2374 con-

89 2406 202 2464 sulares
230 2408 260 2465 et
288 2407 437 2466 censoriae
465 2407 496 2464 et
522 2405 719 2480 triumphales
744 2405 829 2463 breui
856 2423 947 2464 usura
971 2405 1046 2465 lucis
1071 2405 1108 2464 ad

54 2514 74 2554 u
88 2493 233 2554 iudicium
259 2494 341 2555 istud
368 2486 516 2576 relmissae
539 2493 691 2569 audirent,
717 2493 878 2552 auderesne
900 2496 1109 2570 paupertatem

88 2583 265 2660 philosopho
285 2585 461 2660 exprobrare
480 2582 560 2659 apud
580 2585 627 2642 tot
645 2584 779 2642 consules
797 2581 963 2659 pauperes?
996 2601 1035 2640 an
1052 2583 1108 2641 tibi
1123 2588 1161 2642 19

90 2670 232 2731 Claudius
254 2671 402 2732 Maximus
425 2672 548 2731 idoneus
573 2671 692 2731 auditor
718 2671 839 2731 uidetur
866 2672 904 2731 ad
926 2672 1109 2730 irridendam

88 2763 305 2838 paupertatem,
325 2762 405 2838 quod
420 2763 484 2837 ipsa
498 2762 619 2819 uberem
637 2763 668 2820 et
684 2761 833 2837 prolixam
849 2780 912 2819 rem
929 2761 1109 2820 familiarem

90 3032 93 3039 Δ
160 2966 289 3020 aroer.
310 2966 385 3035 per.
469 2972 482 3019 1
502 2950 609 3091 potest}
628 2967 711 3050 puta
729 2966 845 3021 stewech
880 2967 1019 3049 esaan.
1039 2971 1109 3020 aaa

90 3040 158 3102 (109
173 3039 229 3105 Kr)
304 3043 319 3090 2
340 3036 444 3110 (esse)
464 3036 589 3091 uolente
615 3038 653 3091 Vl
671 3044 776 3107 caepta
794 3038 829 3104 cf.
840 3039 913 3091 Pbel.
926 3038 942 3090 l.
954 3039 970 3092 1.
982 3042 1074 3106 11568

89 3108 206 3162 alumna
225 3110 291 3162 sunt
310 3109 419 3165 Oasaab
492 3107 672 3192 trapperiel
705 3108 845 3181 arrapiel·
906 3109 980 3162 hanc
999 3111 1042 3179 (φ)
1061 3127 1108 3172 cm,

91 3215 199 3271 arcaea
271 3222 305 3270 14
319 3215 436 3270 odiernfi
509 3221 541 3268 15
556 3215 666 3285 [inpulo
680 3217 722 3286 (ia
735 3183 1110 3287 maalmars‘fimpuuio)

89 3322 247 3391 q:l“1puuio
261 3339 370 3377 carrea
383 3321 493 3390 linpulo
504 3324 545 3392 (ia
558 3299 632 3393 mad
641 3322 778 3393 sympulo)
815 3327 849 3376 20
859 3301 924 3393 Ι’1110
934 3325 992 3392 (em.
1000 3324 1111 3390 eadm.)

127 3399 159 3448 21
180 3394 322 3465 extantib3
337 3396 378 3463 (φ,
392 3395 439 3448 sed
452 3411 500 3448 ece.
515 3394 552 3448 al.
567 3395 613 3464 m.)
669 3399 684 3447 ὀ
704 3395 753 3449 litt.
768 3395 914 3466 rediatepr.
930 3395 990 3461 eff.;
1008 3395 1065 3461 fait
1079 3394 1111 3462 le,

54 3495 129 3576 fd
122 3497 193 3571 qd
200 3514 224 3548 a
226 3515 278 3563 pr.
289 3517 325 3552 m.
338 3501 473 3556 emendat.
483 3501 589 3569 saissa
602 3502 634 3555 ia
648 3519 700 3574 mp.
716 3501 739 3555 d
770 3506 827 3570 φιό
903 3505 937 3554 23
953 3466 1019 3557 llille
1031 3467 1079 3555 llos

98 3560 168 3608 “ms
173 3561 233 3616 1110
271 3649 276 3661 ι
309 3574 348 3622 26
367 3571 504 3629 consules
523 3574 578 3630 dcl.
600 3573 649 3630 Kr
