2498 3840
116 175 159 239 70
369 176 501 231 APVLEI
519 176 702 231 APOLOGIA
722 182 763 230 61.
784 183 826 230 62.
846 182 879 230 63

59 286 114 325 oua.
1126 286 1186 325 ur.

113 339 327 424 temptasse[t].
372 345 493 404 interim
511 345 582 405 dum
600 363 655 422 ego
673 346 739 404 ruri
757 364 823 422 age,
845 345 991 404 Sicinium
1009 345 1186 405 Pontia-(⁷2)

113 453 185 494 num
203 435 375 512 priuignum
390 453 498 506 meum,
515 435 570 508 qui
585 434 661 494 mihi
678 434 792 493 factum
806 433 935 508 uolebat,
953 436 1129 510 impetratos

114 521 221 582 hebeni
247 523 360 584 loculos
388 542 407 583 a
433 523 558 582 muliere
587 522 797 584 honestissima
826 521 996 598 Capitolina
1028 522 1067 582 ad
1097 541 1129 580 se

113 611 259 685 attulisse,
283 611 395 671 axilla
418 614 517 686 potius
541 613 667 671 materia
689 613 802 672 rariore
826 614 856 671 et
879 611 1060 672 durabiliore
1083 611 1129 670 uti

86 701 225 759 efaceret
252 700 456 761 adhortatum:
483 700 516 760 id
543 719 650 760 munus
678 719 747 759 cum
773 701 878 776 primis
906 702 981 761 mihi
1009 704 1130 778 gratum

59 800 99 843 ⁵³³
112 790 184 849 fore.
230 789 391 849 secundum
414 807 448 847 ea
471 807 502 849 se
526 790 638 866 fecisse,
659 789 783 864 proinde
806 791 841 848 ut
862 784 997 868 locn1i[s]
1021 808 1130 865 suppe-

112 878 223 938 tebant
269 880 314 939 ita
340 878 514 939 minutatim
539 898 575 938 ex
601 878 720 939 tabellis
749 881 905 954 compacta
932 879 1129 938 crassitudine

112 967 323 1028 Mercuriolum
346 967 479 1043 expediri
500 969 642 1043 potuisse.

178 1055 261 1115 Haec
283 1058 320 1115 ut
343 1055 408 1116 dico
432 1058 533 1116 omnia
555 1057 675 1117 audisti.
716 1059 871 1131 praeterea
889 1074 908 1114 a
925 1055 988 1115 filio
1008 1054 1128 1130 Capito·
1143 1057 1184 1111 62

71 1164 98 1205 1o
111 1144 192 1204 linas
209 1145 388 1220 probissimo
407 1145 604 1219 adulescente,
622 1136 631 1226 ll
651 1147 703 1221 qui
723 1163 862 1220 praesens
881 1147 935 1218 est,
957 1146 1129 1205 sciscitante

111 1237 142 1293 te
160 1234 263 1293 eadem
282 1234 362 1294 dicta
381 1237 463 1293 sunt:
481 1234 663 1295 Pontianum
680 1234 795 1296 loculos
808 1234 928 1308 petisse,
946 1233 1129 1292 Pontianum

22 1348 24 1352 ⁴
112 1323 274 1382 Saturnino
306 1323 416 1382 artifici
452 1323 601 1384 detulisse.
657 1325 749 1382 etiam
784 1322 861 1382 illud
897 1342 957 1382 non
992 1325 1128 1400 negatur,

111 1411 293 1470 Pontianum
312 1431 329 1470 a
350 1411 509 1470 Saturnino
524 1413 689 1487 perfectum
704 1411 837 1488 sigillum
851 1413 1005 1487 recepisse,
1023 1414 1129 1487 postea

110 1501 186 1559 mihi
208 1500 285 1558 dono
310 1499 434 1559 dedisse.
474 1500 521 1559 his
545 1500 682 1560 omnibus
705 1501 807 1576 palam
825 1503 915 1576 atque
939 1502 1041 1575 aperte
1059 1520 1128 1576 pro·

71 1607 97 1648 rs
110 1588 190 1648 batis
214 1589 287 1665 quid
306 1591 426 1648 omnino
445 1592 587 1664 superest,
610 1591 643 1649 in
662 1608 721 1665 quo
739 1590 869 1665 suspicio
889 1589 992 1663 aliqua
1009 1591 1129 1666 magiae

110 1676 287 1739 delitescat?
331 1680 423 1738 immo
444 1669 447 1758 l
469 1677 543 1753 quid
565 1679 685 1739 omniuo
710 1682 767 1752 est,
796 1678 876 1754 quod
899 1697 953 1737 uos
976 1680 1129 1738 manifesti

110 1767 258 1829 mendacii
284 1786 345 1826 non
370 1765 530 1826 reuincat?
575 1768 688 1827 occulte
716 1767 896 1827 fabricatum
924 1785 986 1826 esse
1009 1768 1128 1826 dixistis

85 1867 87 1871 ’
111 1857 191 1932 quod
218 1855 384 1917 Pontianus
412 1855 666 1931 splendidissimus
694 1875 783 1932 eques
806 1855 870 1917 fieri
893 1858 1023 1930 curauit,
1048 1856 1128 1931 quod

111 1945 289 2005 Saturninus
304 1947 352 2004 uir
366 1946 468 2022 grauis
483 1947 514 2004 et
528 1945 619 2020 probe
633 1947 713 2004 inter
726 1963 795 2008 suos
809 1947 945 2023 cognitus
959 1946 990 2004 in
1003 1945 1128 2005 taberna

71 2053 97 2094 ao
111 2052 165 2092 sna
188 2033 291 2093 sedens
315 2035 471 2109 propalam
494 2035 648 2110 exculpsit,
675 2034 753 2109 quod
776 2035 967 2094 ornatissima
990 2036 1128 2093 matrona

110 2141 232 2181 munere
250 2141 304 2183 suo
324 2123 449 2197 adiuuit,
469 2122 549 2197 quod
567 2125 597 2183 et
615 2124 750 2182 futurum
768 2126 799 2183 et
816 2124 930 2182 factum
948 2124 1037 2182 multi
1059 2141 1127 2182 cum

110 2229 266 2271 seruorum
292 2213 358 2270 tum
382 2213 544 2272 amicorum
568 2213 621 2286 qui
643 2212 682 2271 ad
709 2232 755 2270 me
778 2211 970 2272 uentitabant
988 2213 1126 2272 scierunt.

109 2300 225 2378 lignum
245 2320 263 2360 a
280 2320 328 2360 me
346 2303 411 2361 toto
430 2300 540 2376 oppido
560 2304 591 2361 et
609 2300 730 2375 quidem
748 2301 857 2376 oppido
880 2302 1048 2377 quaesitum
1066 2319 1128 2360 non

110 2391 210 2468 piguit
227 2407 282 2449 uos
301 2391 497 2464 commentiri,
519 2408 607 2465 quem
626 2383 742 2468 [quem]
762 2391 872 2449 afuisse
890 2391 923 2447 in
941 2408 975 2450 ec
993 2393 1127 2465 ternpore

70 2497 96 2539 aa
111 2480 203 2551 scitis,
222 2498 310 2554 quem
323 2479 443 2540 iussisse
457 2478 522 2537 fieri
536 2479 745 2554 qualicumque
760 2479 886 2538 materia
899 2479 1059 2553 probatum
1072 2481 1127 2539 est.

177 2568 314 2626 Tertium
354 2567 541 2626 mendacium
580 2571 714 2627 uestrum
752 2568 810 2624 fuit
848 2567 1040 2626 macilentam
1077 2568 1181 2626 uolua

111 2658 231 2716 omnino
264 2658 459 2715 euisceratam
490 2656 617 2715 formam
654 2655 713 2715 diri
750 2657 902 2715 cadaueris
940 2657 1126 2732 fabricatam,
1142 2670 1169 2709 7³

182 2880 203 2932 F
220 2879 293 2933 117³.
313 2899 334 2949 φ
351 2879 422 2933 16““).
529 2886 543 2934 1
562 2877 692 2949 teptal's&
710 2845 827 2932 interibi
845 2881 884 2948 (m
901 2879 952 2933 del.
968 2885 992 2933 et
1007 2847 1028 2905 ’ἶ
1041 2897 1127 2948 supra

110 2985 165 3024 coc.
180 2969 244 3025 add.
259 2986 294 3024 m.
309 2969 454 3036 receptisa.)
498 2962 667 3041 adeptass'&
685 2955 741 3025 inti
777 2985 855 3022 epac
940 2967 995 3022 Sed
1013 2968 1127 3023 interim

111 3041 197 3110 Beyte
276 3045 291 3094 2
312 3039 467 3112 (gratum)
487 3039 594 3097 factum
611 3039 706 3106 φάη·
723 3039 771 3097 scd
789 3039 888 3109 Syrum.
904 3041 980 3108 epist.
994 3041 1016 3094 I
1025 3045 1062 3095 66
1078 3041 1126 3106 cst.

111 3111 210 3168 Novae
220 3117 270 3165 aut
281 3111 476 3181 interpretans.
488 3111 549 3180 ‘qai
556 3111 588 3164 id
598 3114 644 3177 (sc.
650 3111 840 3178 simulacrum)
854 3111 924 3165 mibi
935 3111 997 3177 fieri
1009 3112 1125 3166 volcbat'

147 3180 298 3236 3baculos
317 3182 382 3237 Scal
468 3181 603 3236 tloculil
618 3183 661 3253 (φ)
697 3198 776 3235 enac
865 3181 955 3236 rire·
974 3184 1051 3251 (erae.
1065 3186 1090 3251 ”)

112 3293 145 3345 16
164 3287 203 3357 qd
221 3287 273 3341 uol
288 3289 374 3356 (licea
391 3289 509 3356 aufertor
525 3289 641 3358 indua.)
748 3293 780 3344 18
801 3304 856 3355 quo
892 3250 965 3357 mab
985 3290 1027 3359 (in
1044 3267 1127 3361 mpd

107 3412 362 3482 cucumerem.)
443 3419 478 3467 24
497 3417 608 3483 queque
646 3394 706 3484 prb
720 3393 739 3484 b
753 3414 808 3481 (aad
824 3414 904 3482 prior
918 3410 932 3440 ⁸
945 3421 1011 3470 mut.
1026 3409 1090 3485 w)

90 3494 180 3539 quem
200 3497 219 3532 a
292 3490 330 3537 25
346 3484 444 3539 iulide
480 3502 568 3556 emp
642 3491 675 3540 ‘ll
695 3485 872 3540 *euiscerata
887 3488 1002 3555 <croac
1020 3488 1127 3555 priore

64 3550 295 3610 exuffead,
312 3559 362 3625 m.)
439 3558 570 3633 duria)
607 3576 691 3616 emo
