2498 3840
354 194 356 197 ’
403 206 536 303 seuam
553 204 736 260 Aronoom
755 213 797 260 4e.
817 214 851 261 44
1089 207 1129 271 51

112 347 118 357 .
1146 318 1183 356 Ka.

50 369 51 374 ¹
117 397 176 437 oua.
217 379 364 436 maximus
387 376 519 433 omnium
541 394 646 454 magus
670 379 723 450 est,
747 396 806 452 quo
828 378 984 452 praesente
1007 376 1131 435 Thallus

25 488 35 498 ‘
117 467 169 526 diu
201 468 330 525 steterit:
365 467 411 523 ita
443 465 617 540 plerumque
649 466 751 524 morbo
784 483 838 524 oeu
869 483 972 524 somno
1006 484 1131 543 uergens

116 556 286 614 inclinatur.
333 574 405 622 eum
428 555 529 613 tamen
556 573 610 614 uos
638 553 819 613 carminibus
850 554 923 614 meis
956 555 1131 626 subuersum
1146 552 1183 610 44

117 645 243 719 dixistis,
261 643 342 719 quod
359 643 438 703 forte
456 662 503 701 me
522 661 621 701 eoram
645 644 736 702 semel
759 642 877 702 deoidit.
915 645 1050 703 oonserui
1068 646 1131 702 eius

116 735 251 810 plerique
270 733 389 807 adsunt,
407 750 480 807 quos
499 732 629 791 exhiberi
647 731 854 792 denuntiastis.
891 735 1017 813 possunt
1034 733 1130 791 dicere
1159 752 1170 792 s

118 841 227 898 omnes,
251 823 323 898 quid
344 823 378 880 in
401 821 507 879 Thallo
533 821 694 898 despuant,
722 839 774 879 eur
799 840 886 880 nemo
906 813 911 904 Ι
933 821 1042 881 audeat
1064 840 1131 879 oum

117 927 150 970 eo
174 930 209 971 ex
233 911 336 971 eodem
355 912 454 968 eatino
478 928 592 985 cenare,
615 911 717 970 eodem
734 912 842 987 poculo
860 910 968 970 bibere.
1011 910 1132 985 etquid

115 1021 169 1079 ego
197 1001 234 1059 de
257 998 372 1060 seruis?
415 1018 470 1057 uos
496 1001 556 1074 ipsi
582 999 705 1076 uidetis3
732 1003 840 1077 negate
863 1000 1004 1058 Thallum
1035 999 1130 1058 multo

116 1093 206 1168 priua,
226 1108 315 1165 quam
331 1107 385 1166 ego
403 1087 496 1146 Oeam
509 1090 652 1164 uenirem,
668 1106 805 1148 corruere
824 1108 859 1148 eo
877 1089 980 1149 morbo
1000 1089 1130 1162 solitum,

115 1180 236 1237 modieis
260 1196 347 1252 saepe
370 1196 492 1236 numero
516 1179 679 1252 ostensum,
701 1180 811 1255 negent
831 1178 887 1238 hoo
910 1180 1045 1238 conserui
1068 1178 1129 1236 eius
1145 1199 1170 1238 ro

116 1270 168 1342 qui
191 1268 315 1326 suntin
341 1266 508 1325 ministerio
535 1270 648 1342 uestr03
676 1269 809 1326 omnium
836 1287 935 1326 rerum
962 1268 1130 1325 oonuiotum

115 1375 160 1414 me
188 1355 318 1431 fatebor,
340 1354 399 1414 nisi
421 1373 471 1413 rus
495 1375 514 1413 a
536 1350 647 1434 <se>4le
669 1358 803 1414 omnium
826 1356 877 1414 diu
900 1357 1057 1432 ablegatus
1085 1357 1130 1412 est
1143 1370 1170 1407 er

59 1470 61 1474 ·
114 1448 145 1503 in
168 1445 347 1522 longinquos
370 1463 472 1522 egros,
486 1461 532 1504 ‘ne
553 1445 702 1504 familiam
725 1447 954 1504 contaminaret:
983 1444 1062 1520 quod
1084 1446 1129 1502 ita

114 1535 227 1594 laetum
250 1553 303 1592 neo
327 1533 364 1592 ab
387 1534 449 1592 illis
470 1535 575 1611 negari
597 1535 704 1610 potest.
746 1553 780 1593 eo
803 1553 863 1608 nep
880 1536 980 1610 potuit
1003 1534 1129 1592 hodiea

113 1624 198 1682 nobis
217 1624 356 1682 exhiberi.
402 1643 473 1682 nam
495 1625 530 1681 ut
553 1625 648 1681 omnis
670 1623 730 1683 ista
749 1625 899 1682 accusatio
921 1624 1080 1682 temeraria
1099 1624 1129 1680 et
1143 1643 1168 1683 1⁶

112 1714 268 1787 repentina
286 1712 353 1787 fuit,
371 1711 480 1770 nudius
496 1713 604 1770 tertius
623 1712 708 1772 nobis
727 1712 912 1771 Aemilianus
931 1712 1129 1784 denuntiauit,

113 1804 148 1859 ut
166 1820 265 1860 seruos
284 1819 407 1859 numero
427 1801 596 1875 quindecim
614 1801 695 1877 apud
717 1802 748 1859 te
768 1800 977 1861 exhiberemus.
1020 1800 1129 1858 adsunt

60 1902 98 1937 ⁵01
112 1890 210 1964 XIIII,
229 1883 237 1971 [Ι
256 1891 308 1964 qui
325 1892 357 1947 in
377 1889 485 1964 oppido
505 1893 597 1949 erant.
642 1890 766 1948 Thallus
785 1891 875 1964 solus,
897 1893 933 1948 ut
954 1890 1026 1962 dixi,
1050 1888 1129 1963 quod

112 1980 204 2037 ferme
228 1978 265 2036 ad
289 1980 484 2036 centesimum
506 1979 637 2054 lapidem
662 1979 750 2056 longe
778 1980 846 2037 exal
874 1983 927 2052 est,
955 1981 981 2037 is
1004 1977 1127 2036 Thallus

113 2068 192 2125 solus
225 2067 320 2140 abest,
358 2066 409 2125 sed
442 2067 576 2126 misimus
609 2069 663 2142 qui
699 2087 767 2126 eum
803 2068 949 2126 ourrioulo
987 2067 1126 2125 aduehat.
1141 2089 1167 2144 ao

111 2158 276 2234 interroga,
299 2155 440 2230 Maxime,
463 2155 553 2214 XIIH
576 2174 676 2216 seruos
700 2176 773 2232 quos
796 2157 979 2232 exhibemus,
1003 2156 1126 2214 Thallus

111 2265 185 2320 puer
207 2246 318 2303 ubisit
341 2246 371 2303 et
388 2263 480 2320 quam
504 2245 590 2303 salue
610 2248 690 2322 agat,
711 2246 864 2324 interroga
882 2264 984 2304 seruos
1008 2262 1125 2304 aoousa

111 2338 211 2393 torum
233 2353 373 2392 meorum.
419 2352 479 2392 non
501 2334 654 2410 negabunt
675 2337 883 2410 turpissimum
905 2353 1040 2410 puerum,
1064 2350 1126 2392 eor·

111 2443 182 2497 pore
210 2425 293 2498 putri
320 2423 350 2480 et
377 2422 521 2497 morbido,
549 2423 706 2505 eaduoum,
733 2423 906 2497 barbarum,
933 2425 1124 2482 rusticanum.

181 2610 365 2663 F113b1142.
386 2630 408 2678 φ
424 2610 472 2663 11b
482 2616 535 2663 12⁸.
623 2616 638 2663 2
658 2626 707 2664 seu
727 2610 836 2665 Oasaub
924 2615 939 2662 ὅ
959 2610 1065 2664 exiberi
1084 2612 1125 2678 (φ,

110 2717 157 2770 see
175 2685 270 2785 anal)
326 2720 341 2768 e
360 2715 466 2770 uidetis
477 2719 520 2787 (φ)
538 2733 573 2771 sc.
589 2718 720 2785 qumodo
738 2733 780 2771 res
798 2734 825 2771 44
838 2717 951 2782 aeteae·
970 2717 1023 2782 eet.
1041 2716 1124 2771 oote-

111 2789 208 2841 baeber
243 2788 277 2853 ef.
289 2792 363 2853 55‚6.
380 2792 484 2854 rome
505 2788 558 2842 θέο,
569 2804 609 2842 ae.
624 2788 646 2841 I
654 2791 720 2854 2,5.·
737 2787 818 2842 uides
834 2790 928 2841 autem
947 2787 1046 2840 eadem
1064 2787 1125 2856 ipse

146 2859 170 2911 si
189 2857 299 2911 audetis
318 2858 394 2913 Soloe
476 2864 509 2912 10
527 2861 635 2928 negant
652 2860 695 2928 (φ)
738 2861 843 2929 negent
861 2858 938 2912 Salm
1020 2864 1052 2911 12
1071 2857 1125 2911 nili

109 2947 172 2999 rusa
192 2947 226 2999 de
246 2947 291 3000 oin
311 2947 361 3000 diu
375 2949 417 3015 (φ)
436 2966 483 3003 eoa
494 2949 540 3002 He
558 2947 693 3017 (omnium
706 2965 941 3004 oeconomorum
955 2965 978 3002 o.
991 2953 1026 3002 10
1040 2953 1065 3001 et
1078 2949 1123 3016 13)

109 3020 143 3084 ef.
155 3019 227 3071 Phil.
239 3018 256 3071 l.
268 3020 284 3071 l.
292 3035 320 3085 p.
328 3022 382 3072 527
398 3019 451 3072 Cio.
458 3018 560 3087 parad.
571 3022 622 3073 25:
641 3019 689 3087 qni
704 3018 734 3072 in
748 3019 814 3074 eede
829 3035 862 3072 ao
876 3019 959 3072 domo
974 3017 1125 3072 oollooauit

145 3089 200 3142 nisi
218 3107 265 3141 rus
284 3089 320 3142 de
339 3090 464 3144 omnium,
482 3106 619 3144 consensu
637 3091 687 3143 diu
701 3092 853 3158 lantpert.
923 3089 1002 3160 [nisi]
1021 3107 1068 3142 rue
1087 3090 1124 3143 ab
1179 3126 1228 3152 ‚a

110 3177 157 3214 ore
171 3161 296 3213 omnium
311 3161 420 3214 d.Ze'alt
462 3161 492 3213 ni
505 3179 552 3213 rus
568 3164 678 3215 atuore
693 3161 818 3215 omnium
832 3161 881 3214 diu
896 3161 968 3215 Helu
1008 3161 1063 3214 nisi
1076 3177 1123 3213 rus

110 3232 181 3285 adeo
196 3232 288 3302 (adeo]
304 3232 340 3284 ab
355 3232 465 3300 Becher)
485 3232 610 3286 omnium
628 3233 692 3286 uisu
706 3234 752 3287 Kr
787 3231 842 3286 nisi
855 3249 902 3284 rue
918 3232 988 3286 adeo
1002 3233 1060 3285 iam
1074 3228 1131 3287 diu‘

112 3303 281 3356 Goldbaeber
318 3303 396 3373 [uisi]
410 3320 457 3356 rus
472 3303 543 3357 adeo
558 3303 594 3356 ab
609 3320 656 3357 ore
670 3305 770 3358 oded
776 3305 813 3358 Vl
848 3302 904 3357 nisi
917 3321 965 3356 rue
978 3320 995 3356 a
1009 3302 1122 3356 domino

110 3374 159 3427 diu
179 3375 260 3428 Kroll
322 3374 377 3427 nisi
395 3390 442 3426 rus
460 3374 525 3427 ideo
544 3374 668 3428 omnium
687 3375 751 3429 odio
771 3376 846 3429 Ellis
900 3375 967 3428 'nisi
986 3392 1033 3427 rus
1052 3374 1122 3428 adeo

110 3445 258 3515 [omnium]
269 3446 367 3500 Nouello
421 3450 453 3498 13
468 3445 553 3514 (lgrol
564 3446 593 3512 (b
602 3446 660 3499 oid.
666 3447 702 3499 al.
708 3464 742 3500 m.
749 3447 825 3515 adoll
880 3451 913 3497 Ἠ(
927 3446 1123 3509 semesae.

110 3523 186 3583 pzuo
238 3522 270 3569 18
285 3517 373 3588 quod]
388 3518 417 3570 et
431 3516 548 3585 quidem
562 3524 614 3573 aut
627 3519 738 3573 emittm
789 3521 828 3569 aa
843 3511 1014 3577 exaesam
1027 3498 1168 3552 enaim»

142 3603 177 3641 ex
194 3587 317 3643 oeullso
356 3588 492 3646 exsulans
513 3591 644 3649 Bossoho
719 3589 809 3644 aaut
828 3568 1086 3700 mmm-{Q
1103 3565 1191 3606 meso
