<?xml version="1.0" encoding="UTF-8"?>
<!DOCTYPE html PUBLIC "-//W3C//DTD XHTML 1.0 Transitional//EN"
    "http://www.w3.org/TR/xhtml1/DTD/xhtml1-transitional.dtd">
<html xmlns="http://www.w3.org/1999/xhtml" xml:lang="en" lang="en">
 <head>
  <title>
</title>
<meta http-equiv="Content-Type" content="text/html;charset=utf-8" />
  <meta name='ocr-system' content='tesseract 3.04.00' />
  <meta name='ocr-capabilities' content='ocr_page ocr_carea ocr_par ocr_line ocrx_word'/>
</head>
<body>
  <div class='ocr_page' id='page_1' title='image "apuleiplatonici00helmgoog_0036.png"; bbox 0 0 2498 3840; ppageno 0'>
   <div class='ocr_carea' id='block_1_1' title="bbox 325 194 1096 266">
    <p class='ocr_par' dir='ltr' id='par_1_1' title="bbox 325 194 1096 266">
     <span class='ocr_line' id='line_1_1' title="bbox 325 194 1096 266; baseline 0 -18"><span class='ocrx_word' id='word_1_1' title='bbox 325 260 328 266; x_wconf 44' lang='grc'><strong>,</strong></span> <span class='ocrx_word' id='word_1_2' title='bbox 367 195 501 250; x_wconf 73' lang='lat' dir='ltr'><strong>semar</strong></span> <span class='ocrx_word' id='word_1_3' title='bbox 518 194 702 250; x_wconf 72' lang='lat' dir='ltr'><strong>ironeam</strong></span> <span class='ocrx_word' id='word_1_4' title='bbox 720 201 762 250; x_wconf 78' lang='lat' dir='ltr'><strong>ee.</strong></span> <span class='ocrx_word' id='word_1_5' title='bbox 783 201 817 249; x_wconf 79' lang='lat' dir='ltr'><strong>rr</strong></span> <span class='ocrx_word' id='word_1_6' title='bbox 1055 195 1096 257; x_wconf 78' lang='lat'><strong>27</strong></span> 
     </span>
    </p>
   </div>
   <div class='ocr_carea' id='block_1_2' title="bbox 22 304 1152 440">
    <p class='ocr_par' dir='ltr' id='par_1_2' title="bbox 22 304 1152 440">
     <span class='ocr_line' id='line_1_2' title="bbox 22 304 1152 440; baseline -0.007 -16"><span class='ocrx_word' id='word_1_7' title='bbox 22 306 82 347; x_wconf 72' lang='lat' dir='ltr'><strong>‚oua</strong></span> <span class='ocrx_word' id='word_1_8' title='bbox 149 362 233 432; x_wconf 81' lang='lat' dir='ltr'><strong>Quod</strong></span> <span class='ocrx_word' id='word_1_9' title='bbox 256 365 282 423; x_wconf 88' lang='lat' dir='ltr'><strong>si</strong></span> <span class='ocrx_word' id='word_1_10' title='bbox 303 363 377 423; x_wconf 84' lang='lat' dir='ltr'><strong>haee</strong></span> <span class='ocrx_word' id='word_1_11' title='bbox 400 366 535 440; x_wconf 85' lang='lat' dir='ltr'><strong>exempla</strong></span> <span class='ocrx_word' id='word_1_12' title='bbox 558 364 646 422; x_wconf 91' lang='lat' dir='ltr'><strong>nihili</strong></span> <span class='ocrx_word' id='word_1_13' title='bbox 668 368 758 440; x_wconf 91' lang='lat' dir='ltr'><strong>putas</strong></span> <span class='ocrx_word' id='word_1_14' title='bbox 777 383 813 422; x_wconf 80' lang='lat' dir='ltr'><strong>aa</strong></span> <span class='ocrx_word' id='word_1_15' title='bbox 830 383 877 422; x_wconf 92' lang='lat' dir='ltr'><strong>me</strong></span> <span class='ocrx_word' id='word_1_16' title='bbox 896 383 956 422; x_wconf 90' lang='lat' dir='ltr'><strong>non</strong></span> <span class='ocrx_word' id='word_1_17' title='bbox 975 363 1013 421; x_wconf 88' lang='lat' dir='ltr'><strong>ad</strong></span> <span class='ocrx_word' id='word_1_18' title='bbox 1031 304 1152 422; x_wconf 68' lang='lat' dir='ltr'><strong>cau-dd</strong></span> 
     </span>
    </p>
   </div>
   <div class='ocr_carea' id='block_1_3' title="bbox 80 452 1099 618">
    <p class='ocr_par' dir='ltr' id='par_1_3' title="bbox 80 452 1099 618">
     <span class='ocr_line' id='line_1_3' title="bbox 80 452 1098 530; baseline -0.002 -18"><span class='ocrx_word' id='word_1_19' title='bbox 80 472 146 512; x_wconf 89' lang='lat' dir='ltr'><strong>sam</strong></span> <span class='ocrx_word' id='word_1_20' title='bbox 169 452 327 530; x_wconf 81' lang='lat' dir='ltr'><strong>agundam,</strong></span> <span class='ocrx_word' id='word_1_21' title='bbox 352 473 457 512; x_wconf 90' lang='lat' dir='ltr'><strong>uerum</strong></span> <span class='ocrx_word' id='word_1_22' title='bbox 481 454 518 513; x_wconf 89' lang='lat' dir='ltr'><strong>ad</strong></span> <span class='ocrx_word' id='word_1_23' title='bbox 541 472 662 512; x_wconf 79' lang='lat' dir='ltr'><strong>censum</strong></span> <span class='ocrx_word' id='word_1_24' title='bbox 685 453 893 513; x_wconf 80' lang='lat' dir='ltr'><strong>disserundum</strong></span> <span class='ocrx_word' id='word_1_25' title='bbox 914 453 1039 526; x_wconf 87' lang='lat' dir='ltr'><strong>uooasti,</strong></span> <span class='ocrx_word' id='word_1_26' title='bbox 1061 472 1098 510; x_wconf 89' lang='lat' dir='ltr'><strong>ne</strong></span> 
     </span>
     <span class='ocr_line' id='line_1_4' title="bbox 80 541 1099 618; baseline -0.002 -18"><span class='ocrx_word' id='word_1_27' title='bbox 80 541 154 618; x_wconf 88' lang='lat' dir='ltr'><strong>quid</strong></span> <span class='ocrx_word' id='word_1_28' title='bbox 176 545 210 600; x_wconf 93' lang='lat' dir='ltr'><strong>tu</strong></span> <span class='ocrx_word' id='word_1_29' title='bbox 233 561 333 600; x_wconf 89' lang='lat' dir='ltr'><strong>rerum</strong></span> <span class='ocrx_word' id='word_1_30' title='bbox 354 561 488 601; x_wconf 85' lang='lat' dir='ltr'><strong>mearum</strong></span> <span class='ocrx_word' id='word_1_31' title='bbox 510 543 633 618; x_wconf 81' lang='lat' dir='ltr'><strong>nescias,</strong></span> <span class='ocrx_word' id='word_1_32' title='bbox 659 543 685 601; x_wconf 89' lang='lat' dir='ltr'><strong>si</strong></span> <span class='ocrx_word' id='word_1_33' title='bbox 708 545 809 601; x_wconf 88' lang='lat' dir='ltr'><strong>tamen</strong></span> <span class='ocrx_word' id='word_1_34' title='bbox 831 541 935 617; x_wconf 83' lang='lat' dir='ltr'><strong>nescis,</strong></span> <span class='ocrx_word' id='word_1_35' title='bbox 958 542 1099 618; x_wconf 87' lang='lat' dir='ltr'><strong>profiteor</strong></span> 
     </span>
    </p>
   </div>
   <div class='ocr_carea' id='block_1_4' title="bbox 24 648 1154 2685">
    <p class='ocr_par' dir='ltr' id='par_1_4' title="bbox 79 648 1140 817">
     <span class='ocr_line' id='line_1_5' title="bbox 79 648 1099 724; baseline -0.002 -18"><span class='ocrx_word' id='word_1_36' title='bbox 79 649 155 706; x_wconf 92' lang='lat' dir='ltr'><strong>mihi</strong></span> <span class='ocrx_word' id='word_1_37' title='bbox 183 667 217 707; x_wconf 87' lang='lat' dir='ltr'><strong>ao</strong></span> <span class='ocrx_word' id='word_1_38' title='bbox 244 648 331 706; x_wconf 81' lang='lat' dir='ltr'><strong>fratri</strong></span> <span class='ocrx_word' id='word_1_39' title='bbox 359 668 425 708; x_wconf 91' lang='lat' dir='ltr'><strong>meo</strong></span> <span class='ocrx_word' id='word_1_40' title='bbox 453 650 592 709; x_wconf 84' lang='lat' dir='ltr'><strong>relictum</strong></span> <span class='ocrx_word' id='word_1_41' title='bbox 620 669 638 708; x_wconf 93' lang='lat' dir='ltr'><strong>a</strong></span> <span class='ocrx_word' id='word_1_42' title='bbox 665 652 751 724; x_wconf 87' lang='lat' dir='ltr'><strong>patre</strong></span> <span class='ocrx_word' id='word_1_43' title='bbox 773 649 827 707; x_wconf 81' lang='lat' dir='ltr'><strong>Hs</strong></span> <span class='ocrx_word' id='word_1_44' title='bbox 855 649 911 708; x_wconf 88' lang='lat' dir='ltr'><strong>XX</strong></span> <span class='ocrx_word' id='word_1_45' title='bbox 936 649 1026 724; x_wconf 88' lang='lat' dir='ltr'><strong>paulo</strong></span> <span class='ocrx_word' id='word_1_46' title='bbox 1055 668 1099 707; x_wconf 90' lang='lat' dir='ltr'><strong>se-</strong></span> 
     </span>
     <span class='ocr_line' id='line_1_6' title="bbox 80 737 1140 817; baseline 0 -20"><span class='ocrx_word' id='word_1_47' title='bbox 80 756 145 814; x_wconf 87' lang='lat' dir='ltr'><strong>ous,</strong></span> <span class='ocrx_word' id='word_1_48' title='bbox 172 738 262 813; x_wconf 91' lang='lat' dir='ltr'><strong>idque</strong></span> <span class='ocrx_word' id='word_1_49' title='bbox 290 756 308 795; x_wconf 90' lang='lat' dir='ltr'><strong>a</strong></span> <span class='ocrx_word' id='word_1_50' title='bbox 335 758 382 796; x_wconf 90' lang='lat' dir='ltr'><strong>me</strong></span> <span class='ocrx_word' id='word_1_51' title='bbox 409 739 500 816; x_wconf 83' lang='lat' dir='ltr'><strong>longa</strong></span> <span class='ocrx_word' id='word_1_52' title='bbox 527 740 765 817; x_wconf 79' lang='lat' dir='ltr'><strong>peregrinatione</strong></span> <span class='ocrx_word' id='word_1_53' title='bbox 791 742 821 797; x_wconf 90' lang='lat' dir='ltr'><strong>et</strong></span> <span class='ocrx_word' id='word_1_54' title='bbox 844 737 968 797; x_wconf 88' lang='lat' dir='ltr'><strong>diutinis</strong></span> <span class='ocrx_word' id='word_1_55' title='bbox 992 737 1099 796; x_wconf 89' lang='lat' dir='ltr'><strong>studiis</strong></span> <span class='ocrx_word' id='word_1_56' title='bbox 1128 758 1140 797; x_wconf 88' lang='grc'><strong>3</strong></span> 
     </span>
    </p>

    <p class='ocr_par' dir='ltr' id='par_1_5' title="bbox 24 827 1142 2223">
     <span class='ocr_line' id='line_1_7' title="bbox 24 827 1099 887; baseline 0.003 -7"><span class='ocrx_word' id='word_1_57' title='bbox 24 840 66 880; x_wconf 88' lang='grc'><strong>444</strong></span> <span class='ocrx_word' id='word_1_58' title='bbox 80 830 111 886; x_wconf 87' lang='lat' dir='ltr'><strong>et</strong></span> <span class='ocrx_word' id='word_1_59' title='bbox 130 827 239 886; x_wconf 80' lang='lat' dir='ltr'>crebris</span> <span class='ocrx_word' id='word_1_60' title='bbox 257 827 489 886; x_wconf 78' lang='lat' dir='ltr'><strong>liberalitatibus</strong></span> <span class='ocrx_word' id='word_1_61' title='bbox 507 827 622 887; x_wconf 90' lang='lat' dir='ltr'><strong>modioe</strong></span> <span class='ocrx_word' id='word_1_62' title='bbox 639 829 840 886; x_wconf 90' lang='lat' dir='ltr'><strong>imminutum.</strong></span> <span class='ocrx_word' id='word_1_63' title='bbox 882 846 952 885; x_wconf 92' lang='lat' dir='ltr'><strong>nam</strong></span> <span class='ocrx_word' id='word_1_64' title='bbox 976 830 1006 886; x_wconf 90' lang='lat' dir='ltr'><strong>et</strong></span> <span class='ocrx_word' id='word_1_65' title='bbox 1026 827 1099 884; x_wconf 86' lang='lat' dir='ltr'><strong>ami-</strong></span> 
     </span>
     <span class='ocr_line' id='line_1_8' title="bbox 79 915 1100 994; baseline -0.001 -20"><span class='ocrx_word' id='word_1_66' title='bbox 79 915 355 992; x_wconf 69' lang='lat' dir='ltr'><strong>aorum&#39;plerisque</strong></span> <span class='ocrx_word' id='word_1_67' title='bbox 383 934 469 992; x_wconf 91' lang='lat' dir='ltr'><strong>opem</strong></span> <span class='ocrx_word' id='word_1_68' title='bbox 496 918 608 975; x_wconf 84' lang='grc'><strong>131131</strong></span> <span class='ocrx_word' id='word_1_69' title='bbox 635 917 787 994; x_wconf 78' lang='lat' dir='ltr'><strong>magistris</strong></span> <span class='ocrx_word' id='word_1_70' title='bbox 810 917 947 991; x_wconf 85' lang='lat' dir='ltr'><strong>plurimis</strong></span> <span class='ocrx_word' id='word_1_71' title='bbox 970 917 1100 992; x_wconf 85' lang='lat' dir='ltr'><strong>gratiam</strong></span> 
     </span>
     <span class='ocr_line' id='line_1_9' title="bbox 79 1005 1100 1080; baseline 0 -18"><span class='ocrx_word' id='word_1_72' title='bbox 79 1005 183 1080; x_wconf 91' lang='lat' dir='ltr'><strong>retuli,</strong></span> <span class='ocrx_word' id='word_1_73' title='bbox 220 1005 406 1080; x_wconf 90' lang='lat' dir='ltr'><strong>quorundam</strong></span> <span class='ocrx_word' id='word_1_74' title='bbox 440 1005 530 1064; x_wconf 88' lang='lat' dir='ltr'><strong>etiam</strong></span> <span class='ocrx_word' id='word_1_75' title='bbox 562 1005 640 1065; x_wconf 90' lang='lat' dir='ltr'><strong>filias</strong></span> <span class='ocrx_word' id='word_1_76' title='bbox 673 1006 741 1066; x_wconf 89' lang='lat' dir='ltr'><strong>dote</strong></span> <span class='ocrx_word' id='word_1_77' title='bbox 774 1006 856 1080; x_wconf 83' lang='lat' dir='ltr'><strong>auxi;</strong></span> <span class='ocrx_word' id='word_1_78' title='bbox 893 1024 988 1080; x_wconf 89' lang='lat' dir='ltr'><strong>neque</strong></span> <span class='ocrx_word' id='word_1_79' title='bbox 1021 1007 1100 1062; x_wconf 91' lang='lat' dir='ltr'><strong>enim</strong></span> 
     </span>
     <span class='ocr_line' id='line_1_10' title="bbox 78 1085 1099 1175; baseline -0.001 -24"><span class='ocrx_word' id='word_1_80' title='bbox 78 1085 281 1175; x_wconf 69' lang='lat' dir='ltr'><strong>dubiltassem</strong></span> <span class='ocrx_word' id='word_1_81' title='bbox 309 1093 446 1170; x_wconf 83' lang='lat' dir='ltr'><strong>equidem</strong></span> <span class='ocrx_word' id='word_1_82' title='bbox 472 1095 521 1154; x_wconf 93' lang='lat' dir='ltr'><strong>uel</strong></span> <span class='ocrx_word' id='word_1_83' title='bbox 548 1097 720 1154; x_wconf 89' lang='lat' dir='ltr'><strong>uniuersum</strong></span> <span class='ocrx_word' id='word_1_84' title='bbox 748 1094 962 1171; x_wconf 71' lang='lat' dir='ltr'><strong>patrimonium</strong></span> <span class='ocrx_word' id='word_1_85' title='bbox 986 1096 1099 1170; x_wconf 90' lang='lat' dir='ltr'><strong>impen-</strong></span> 
     </span>
     <span class='ocr_line' id='line_1_11' title="bbox 79 1175 1140 1265; baseline 0.002 -25"><span class='ocrx_word' id='word_1_86' title='bbox 79 1182 161 1258; x_wconf 92' lang='lat' dir='ltr'><strong>dere,</strong></span> <span class='ocrx_word' id='word_1_87' title='bbox 195 1186 231 1241; x_wconf 91' lang='lat' dir='ltr'><strong>ut</strong></span> <span class='ocrx_word' id='word_1_88' title='bbox 258 1186 446 1259; x_wconf 79' lang='lat' dir='ltr'><strong>acquirerem</strong></span> <span class='ocrx_word' id='word_1_89' title='bbox 481 1184 555 1243; x_wconf 90' lang='lat' dir='ltr'><strong>mihi</strong></span> <span class='ocrx_word' id='word_1_90' title='bbox 588 1175 818 1265; x_wconf 70' lang='grc'><strong>33311133133</strong></span> <span class='ocrx_word' id='word_1_91' title='bbox 850 1185 895 1242; x_wconf 90' lang='lat' dir='ltr'><strong>est</strong></span> <span class='ocrx_word' id='word_1_92' title='bbox 927 1185 1100 1258; x_wconf 82' lang='lat' dir='ltr'><strong>contemptu</strong></span> <span class='ocrx_word' id='word_1_93' title='bbox 1115 1204 1140 1242; x_wconf 81' lang='lat' dir='ltr'><strong>ro</strong></span> 
     </span>
     <span class='ocr_line' id='line_1_12' title="bbox 80 1272 1141 1349; baseline -0.002 -19"><span class='ocrx_word' id='word_1_94' title='bbox 80 1272 262 1346; x_wconf 87' lang='lat' dir='ltr'><strong>patrimonii.</strong></span> <span class='ocrx_word' id='word_1_95' title='bbox 309 1276 343 1331; x_wconf 96' lang='lat' dir='ltr'><strong>tu</strong></span> <span class='ocrx_word' id='word_1_96' title='bbox 366 1293 451 1345; x_wconf 89' lang='lat' dir='ltr'><strong>uero,</strong></span> <span class='ocrx_word' id='word_1_97' title='bbox 477 1272 653 1348; x_wconf 86' lang='lat' dir='ltr'><strong>Aemiliane,</strong></span> <span class='ocrx_word' id='word_1_98' title='bbox 677 1275 707 1332; x_wconf 90' lang='lat' dir='ltr'><strong>ot</strong></span> <span class='ocrx_word' id='word_1_99' title='bbox 730 1272 760 1330; x_wconf 94' lang='lat' dir='ltr'><strong>id</strong></span> <span class='ocrx_word' id='word_1_100' title='bbox 783 1291 875 1349; x_wconf 86' lang='lat' dir='ltr'><strong>genus</strong></span> <span class='ocrx_word' id='word_1_101' title='bbox 897 1272 1031 1331; x_wconf 89' lang='lat' dir='ltr'><strong>homines</strong></span> <span class='ocrx_word' id='word_1_102' title='bbox 1055 1274 1141 1329; x_wconf 76' lang='grc'><strong>31132</strong></span> 
     </span>
     <span class='ocr_line' id='line_1_13' title="bbox 80 1362 1101 1439; baseline -0.001 -21"><span class='ocrx_word' id='word_1_103' title='bbox 80 1364 116 1419; x_wconf 93' lang='lat' dir='ltr'><strong>tu</strong></span> <span class='ocrx_word' id='word_1_104' title='bbox 143 1379 173 1420; x_wconf 90' lang='lat' dir='ltr'><strong>es</strong></span> <span class='ocrx_word' id='word_1_105' title='bbox 200 1362 306 1421; x_wconf 77' lang='lat' dir='ltr'><strong>inculti</strong></span> <span class='ocrx_word' id='word_1_106' title='bbox 336 1365 367 1422; x_wconf 91' lang='lat' dir='ltr'><strong>et</strong></span> <span class='ocrx_word' id='word_1_107' title='bbox 395 1365 540 1439; x_wconf 80' lang='lat' dir='ltr'><strong>agrestes,</strong></span> <span class='ocrx_word' id='word_1_108' title='bbox 573 1363 651 1421; x_wconf 89' lang='lat' dir='ltr'><strong>tanti</strong></span> <span class='ocrx_word' id='word_1_109' title='bbox 684 1382 715 1420; x_wconf 90' lang='lat' dir='ltr'><strong>re</strong></span> <span class='ocrx_word' id='word_1_110' title='bbox 746 1381 818 1420; x_wconf 89' lang='lat' dir='ltr'><strong>uera</strong></span> <span class='ocrx_word' id='word_1_111' title='bbox 851 1364 921 1420; x_wconf 91' lang='lat' dir='ltr'><strong>estis</strong></span> <span class='ocrx_word' id='word_1_112' title='bbox 954 1363 1101 1435; x_wconf 86' lang='lat' dir='ltr'><strong>quantum</strong></span> 
     </span>
     <span class='ocr_line' id='line_1_14' title="bbox 80 1449 1101 1526; baseline 0 -20"><span class='ocrx_word' id='word_1_113' title='bbox 80 1449 206 1524; x_wconf 90' lang='lat' dir='ltr'><strong>habetis,</strong></span> <span class='ocrx_word' id='word_1_114' title='bbox 225 1454 259 1509; x_wconf 93' lang='lat' dir='ltr'><strong>ut</strong></span> <span class='ocrx_word' id='word_1_115' title='bbox 278 1451 366 1510; x_wconf 88' lang='lat' dir='ltr'><strong>arbor</strong></span> <span class='ocrx_word' id='word_1_116' title='bbox 384 1453 544 1512; x_wconf 84' lang='lat' dir='ltr'><strong>infecunda</strong></span> <span class='ocrx_word' id='word_1_117' title='bbox 563 1455 593 1511; x_wconf 85' lang='lat' dir='ltr'><strong>et</strong></span> <span class='ocrx_word' id='word_1_118' title='bbox 611 1453 724 1526; x_wconf 83' lang='lat' dir='ltr'><strong>infelix,</strong></span> <span class='ocrx_word' id='word_1_119' title='bbox 743 1469 819 1526; x_wconf 90' lang='lat' dir='ltr'><strong>quae</strong></span> <span class='ocrx_word' id='word_1_120' title='bbox 835 1450 952 1508; x_wconf 89' lang='lat' dir='ltr'><strong>nullum</strong></span> <span class='ocrx_word' id='word_1_121' title='bbox 971 1451 1101 1508; x_wconf 85' lang='lat' dir='ltr'><strong>fructum</strong></span> 
     </span>
     <span class='ocr_line' id='line_1_15' title="bbox 80 1538 1101 1618; baseline -0.001 -22"><span class='ocrx_word' id='word_1_122' title='bbox 80 1557 117 1596; x_wconf 84' lang='lat' dir='ltr'><strong>ex</strong></span> <span class='ocrx_word' id='word_1_123' title='bbox 140 1557 202 1598; x_wconf 88' lang='lat' dir='ltr'><strong>sese</strong></span> <span class='ocrx_word' id='word_1_124' title='bbox 226 1538 334 1618; x_wconf 82' lang='lat' dir='ltr'><strong>gignit,</strong></span> <span class='ocrx_word' id='word_1_125' title='bbox 356 1543 435 1600; x_wconf 88' lang='lat' dir='ltr'><strong>tanti</strong></span> <span class='ocrx_word' id='word_1_126' title='bbox 459 1544 504 1601; x_wconf 91' lang='lat' dir='ltr'><strong>est</strong></span> <span class='ocrx_word' id='word_1_127' title='bbox 525 1543 557 1600; x_wconf 94' lang='lat' dir='ltr'><strong>in</strong></span> <span class='ocrx_word' id='word_1_128' title='bbox 581 1543 687 1618; x_wconf 88' lang='lat' dir='ltr'><strong>pretio,</strong></span> <span class='ocrx_word' id='word_1_129' title='bbox 713 1542 821 1616; x_wconf 89' lang='lat' dir='ltr'><strong>quanti</strong></span> <span class='ocrx_word' id='word_1_130' title='bbox 844 1540 959 1616; x_wconf 84' lang='lat' dir='ltr'><strong>lignum</strong></span> <span class='ocrx_word' id='word_1_131' title='bbox 982 1541 1046 1598; x_wconf 91' lang='lat' dir='ltr'><strong>eius</strong></span> <span class='ocrx_word' id='word_1_132' title='bbox 1069 1540 1101 1596; x_wconf 91' lang='lat' dir='ltr'><strong>in</strong></span> 
     </span>
     <span class='ocr_line' id='line_1_16' title="bbox 79 1629 1141 1707; baseline 0.002 -21"><span class='ocrx_word' id='word_1_133' title='bbox 79 1630 194 1688; x_wconf 80' lang='lat' dir='ltr'><strong>trunco.</strong></span> <span class='ocrx_word' id='word_1_134' title='bbox 241 1631 397 1689; x_wconf 88' lang='lat' dir='ltr'><strong>attamen</strong></span> <span class='ocrx_word' id='word_1_135' title='bbox 424 1650 512 1705; x_wconf 83' lang='lat' dir='ltr'><strong>parce</strong></span> <span class='ocrx_word' id='word_1_136' title='bbox 538 1636 656 1707; x_wconf 89' lang='lat' dir='ltr'><strong>postea,</strong></span> <span class='ocrx_word' id='word_1_137' title='bbox 684 1629 865 1703; x_wconf 84' lang='lat' dir='ltr'><strong>Aemiliane,</strong></span> <span class='ocrx_word' id='word_1_138' title='bbox 891 1631 1101 1703; x_wconf 86' lang='lat' dir='ltr'><strong>paupertatem</strong></span> <span class='ocrx_word' id='word_1_139' title='bbox 1116 1648 1141 1688; x_wconf 81' lang='lat' dir='ltr'><strong>rs</strong></span> 
     </span>
     <span class='ocr_line' id='line_1_17' title="bbox 79 1717 1100 1797; baseline -0.001 -23"><span class='ocrx_word' id='word_1_140' title='bbox 79 1717 212 1792; x_wconf 76' lang='lat' dir='ltr'><strong>cuipiam</strong></span> <span class='ocrx_word' id='word_1_141' title='bbox 235 1718 393 1794; x_wconf 83' lang='lat' dir='ltr'><strong>obiectare,</strong></span> <span class='ocrx_word' id='word_1_142' title='bbox 417 1720 468 1794; x_wconf 92' lang='lat' dir='ltr'><strong>qui</strong></span> <span class='ocrx_word' id='word_1_143' title='bbox 491 1740 587 1796; x_wconf 89' lang='lat' dir='ltr'><strong>nuper</strong></span> <span class='ocrx_word' id='word_1_144' title='bbox 609 1739 703 1794; x_wconf 92' lang='lat' dir='ltr'><strong>usque</strong></span> <span class='ocrx_word' id='word_1_145' title='bbox 727 1719 857 1797; x_wconf 83' lang='lat' dir='ltr'><strong>agellum</strong></span> <span class='ocrx_word' id='word_1_146' title='bbox 881 1717 1100 1789; x_wconf 87' lang='lat' dir='ltr'><strong>Zarathensem,</strong></span> 
     </span>
     <span class='ocr_line' id='line_1_18' title="bbox 79 1806 1100 1884; baseline -0.003 -20"><span class='ocrx_word' id='word_1_147' title='bbox 79 1825 169 1882; x_wconf 89' lang='lat' dir='ltr'><strong>quem</strong></span> <span class='ocrx_word' id='word_1_148' title='bbox 192 1807 249 1865; x_wconf 86' lang='lat' dir='ltr'><strong>tibi</strong></span> <span class='ocrx_word' id='word_1_149' title='bbox 271 1809 392 1866; x_wconf 90' lang='lat' dir='ltr'><strong>unioum</strong></span> <span class='ocrx_word' id='word_1_150' title='bbox 414 1811 501 1883; x_wconf 88' lang='lat' dir='ltr'><strong>pater</strong></span> <span class='ocrx_word' id='word_1_151' title='bbox 523 1812 594 1868; x_wconf 92' lang='lat' dir='ltr'><strong>tuus</strong></span> <span class='ocrx_word' id='word_1_152' title='bbox 617 1809 793 1884; x_wconf 88' lang='lat' dir='ltr'><strong>reliquerat,</strong></span> <span class='ocrx_word' id='word_1_153' title='bbox 821 1807 901 1865; x_wconf 90' lang='lat' dir='ltr'><strong>solus</strong></span> <span class='ocrx_word' id='word_1_154' title='bbox 924 1823 985 1864; x_wconf 91' lang='lat' dir='ltr'><strong>uno</strong></span> <span class='ocrx_word' id='word_1_155' title='bbox 1009 1806 1100 1864; x_wconf 88' lang='lat' dir='ltr'><strong>asello</strong></span> 
     </span>
     <span class='ocr_line' id='line_1_19' title="bbox 79 1893 1100 1972; baseline -0.003 -19"><span class='ocrx_word' id='word_1_156' title='bbox 79 1894 120 1953; x_wconf 90' lang='lat' dir='ltr'><strong>ad</strong></span> <span class='ocrx_word' id='word_1_157' title='bbox 140 1897 353 1972; x_wconf 78' lang='lat' dir='ltr'><strong>tempestiuum</strong></span> <span class='ocrx_word' id='word_1_158' title='bbox 376 1897 502 1956; x_wconf 91' lang='lat' dir='ltr'><strong>imbrem</strong></span> <span class='ocrx_word' id='word_1_159' title='bbox 520 1898 620 1956; x_wconf 90' lang='lat' dir='ltr'><strong>triduo</strong></span> <span class='ocrx_word' id='word_1_160' title='bbox 642 1896 792 1956; x_wconf 83' lang='lat' dir='ltr'><strong>exarabas.</strong></span> <span class='ocrx_word' id='word_1_161' title='bbox 834 1912 931 1970; x_wconf 89' lang='lat' dir='ltr'><strong>neque</strong></span> <span class='ocrx_word' id='word_1_162' title='bbox 950 1896 1029 1952; x_wconf 90' lang='lat' dir='ltr'><strong>enim</strong></span> <span class='ocrx_word' id='word_1_163' title='bbox 1048 1893 1100 1951; x_wconf 91' lang='lat' dir='ltr'><strong>diu</strong></span> 
     </span>
     <span class='ocr_line' id='line_1_20' title="bbox 79 1984 1100 2063; baseline -0.002 -21"><span class='ocrx_word' id='word_1_164' title='bbox 79 1987 134 2058; x_wconf 90' lang='lat' dir='ltr'><strong>est,</strong></span> <span class='ocrx_word' id='word_1_165' title='bbox 158 2003 226 2043; x_wconf 90' lang='lat' dir='ltr'><strong>oum</strong></span> <span class='ocrx_word' id='word_1_166' title='bbox 249 1989 279 2044; x_wconf 90' lang='lat' dir='ltr'><strong>te</strong></span> <span class='ocrx_word' id='word_1_167' title='bbox 304 1986 422 2045; x_wconf 84' lang='lat' dir='ltr'><strong>crebrae</strong></span> <span class='ocrx_word' id='word_1_168' title='bbox 445 1989 557 2046; x_wconf 90' lang='lat' dir='ltr'><strong>mortes</strong></span> <span class='ocrx_word' id='word_1_169' title='bbox 578 1989 818 2063; x_wconf 93' lang='lat' dir='ltr'><strong>propinquorum</strong></span> <span class='ocrx_word' id='word_1_170' title='bbox 837 1984 994 2042; x_wconf 88' lang='lat' dir='ltr'><strong>immeritis</strong></span> <span class='ocrx_word' id='word_1_171' title='bbox 1018 1984 1100 2041; x_wconf 89' lang='lat' dir='ltr'><strong>here-</strong></span> 
     </span>
     <span class='ocr_line' id='line_1_21' title="bbox 81 2073 1142 2152; baseline 0.003 -22"><span class='ocrx_word' id='word_1_172' title='bbox 81 2073 226 2134; x_wconf 89' lang='lat' dir='ltr'><strong>ditatibus</strong></span> <span class='ocrx_word' id='word_1_173' title='bbox 250 2075 408 2150; x_wconf 88' lang='lat' dir='ltr'><strong>fulserunt,</strong></span> <span class='ocrx_word' id='word_1_174' title='bbox 432 2075 510 2134; x_wconf 91' lang='lat' dir='ltr'><strong>unde</strong></span> <span class='ocrx_word' id='word_1_175' title='bbox 532 2076 589 2134; x_wconf 92' lang='lat' dir='ltr'><strong>tibi</strong></span> <span class='ocrx_word' id='word_1_176' title='bbox 611 2076 712 2152; x_wconf 90' lang='lat' dir='ltr'><strong>potius</strong></span> <span class='ocrx_word' id='word_1_177' title='bbox 732 2093 821 2149; x_wconf 91' lang='lat' dir='ltr'><strong>quam</strong></span> <span class='ocrx_word' id='word_1_178' title='bbox 841 2073 878 2132; x_wconf 91' lang='lat' dir='ltr'><strong>ob</strong></span> <span class='ocrx_word' id='word_1_179' title='bbox 897 2074 987 2130; x_wconf 84' lang='lat' dir='ltr'><strong>istam</strong></span> <span class='ocrx_word' id='word_1_180' title='bbox 1009 2074 1101 2130; x_wconf 89' lang='lat' dir='ltr'><strong>teter·</strong></span> <span class='ocrx_word' id='word_1_181' title='bbox 1116 2093 1142 2133; x_wconf 82' lang='lat' dir='ltr'><strong>so</strong></span> 
     </span>
     <span class='ocr_line' id='line_1_22' title="bbox 79 2162 666 2223; baseline 0.005 -3"><span class='ocrx_word' id='word_1_182' title='bbox 79 2164 188 2220; x_wconf 88' lang='lat' dir='ltr'><strong>rimam</strong></span> <span class='ocrx_word' id='word_1_183' title='bbox 211 2164 320 2222; x_wconf 81' lang='lat' dir='ltr'><strong>faeiem</strong></span> <span class='ocrx_word' id='word_1_184' title='bbox 343 2162 461 2223; x_wconf 80' lang='lat' dir='ltr'><strong>Charon</strong></span> <span class='ocrx_word' id='word_1_185' title='bbox 483 2183 589 2223; x_wconf 90' lang='lat' dir='ltr'><strong>nomen</strong></span> <span class='ocrx_word' id='word_1_186' title='bbox 613 2167 666 2223; x_wconf 88' lang='lat' dir='ltr'><strong>est.</strong></span> 
     </span>
    </p>

    <p class='ocr_par' dir='ltr' id='par_1_6' title="bbox 24 2243 1154 2685">
     <span class='ocr_line' id='line_1_23' title="bbox 24 2243 1154 2330; baseline -0.004 -21"><span class='ocrx_word' id='word_1_187' title='bbox 24 2262 67 2302; x_wconf 70' lang='lat'><strong>44⁵</strong></span> <span class='ocrx_word' id='word_1_188' title='bbox 148 2250 193 2309; x_wconf 88' lang='lat' dir='ltr'><strong>De</strong></span> <span class='ocrx_word' id='word_1_189' title='bbox 214 2243 321 2327; x_wconf 83' lang='lat' dir='ltr'><strong>¹patria</strong></span> <span class='ocrx_word' id='word_1_190' title='bbox 347 2272 414 2311; x_wconf 87' lang='lat' dir='ltr'><strong>mea</strong></span> <span class='ocrx_word' id='word_1_191' title='bbox 441 2273 526 2328; x_wconf 90' lang='lat' dir='ltr'><strong>uero,</strong></span> <span class='ocrx_word' id='word_1_192' title='bbox 559 2253 638 2330; x_wconf 91' lang='lat' dir='ltr'><strong>quod</strong></span> <span class='ocrx_word' id='word_1_193' title='bbox 671 2270 737 2310; x_wconf 90' lang='lat' dir='ltr'><strong>eam</strong></span> <span class='ocrx_word' id='word_1_194' title='bbox 765 2255 854 2311; x_wconf 91' lang='lat' dir='ltr'><strong>sitam</strong></span> <span class='ocrx_word' id='word_1_195' title='bbox 881 2251 1043 2309; x_wconf 88' lang='lat' dir='ltr'><strong>Numidiae</strong></span> <span class='ocrx_word' id='word_1_196' title='bbox 1072 2249 1154 2307; x_wconf 75' lang='grc'><strong>3124</strong></span> 
     </span>
     <span class='ocr_line' id='line_1_24' title="bbox 82 2338 1101 2418; baseline -0.002 -20"><span class='ocrx_word' id='word_1_197' title='bbox 82 2338 238 2400; x_wconf 80' lang='lat' dir='ltr'><strong>Gaetuliae</strong></span> <span class='ocrx_word' id='word_1_198' title='bbox 261 2344 293 2399; x_wconf 95' lang='lat' dir='ltr'><strong>in</strong></span> <span class='ocrx_word' id='word_1_199' title='bbox 315 2343 380 2418; x_wconf 92' lang='lat' dir='ltr'><strong>ipso</strong></span> <span class='ocrx_word' id='word_1_200' title='bbox 405 2343 531 2402; x_wconf 83' lang='lat' dir='ltr'><strong>confinio</strong></span> <span class='ocrx_word' id='word_1_201' title='bbox 554 2345 629 2402; x_wconf 88' lang='lat' dir='ltr'><strong>meis</strong></span> <span class='ocrx_word' id='word_1_202' title='bbox 652 2344 769 2418; x_wconf 84' lang='lat' dir='ltr'><strong>seriptis</strong></span> <span class='ocrx_word' id='word_1_203' title='bbox 794 2341 971 2414; x_wconf 85' lang='lat' dir='ltr'><strong>ostendistis,</strong></span> <span class='ocrx_word' id='word_1_204' title='bbox 995 2338 1101 2414; x_wconf 90' lang='lat' dir='ltr'><strong>quibus</strong></span> 
     </span>
     <span class='ocr_line' id='line_1_25' title="bbox 80 2430 1101 2507; baseline -0.002 -20"><span class='ocrx_word' id='word_1_205' title='bbox 80 2431 190 2488; x_wconf 89' lang='lat' dir='ltr'><strong>memet</strong></span> <span class='ocrx_word' id='word_1_206' title='bbox 212 2431 362 2506; x_wconf 87' lang='lat' dir='ltr'><strong>professus</strong></span> <span class='ocrx_word' id='word_1_207' title='bbox 386 2450 459 2507; x_wconf 92' lang='lat' dir='ltr'><strong>sum,</strong></span> <span class='ocrx_word' id='word_1_208' title='bbox 484 2451 550 2490; x_wconf 89' lang='lat' dir='ltr'><strong>oum</strong></span> <span class='ocrx_word' id='word_1_209' title='bbox 574 2431 710 2491; x_wconf 86' lang='lat' dir='ltr'><strong>Lolliano</strong></span> <span class='ocrx_word' id='word_1_210' title='bbox 734 2430 828 2489; x_wconf 85' lang='lat' dir='ltr'><strong>Auito</strong></span> <span class='ocrx_word' id='word_1_211' title='bbox 852 2448 874 2488; x_wconf 88' lang='grc'><strong>3.</strong></span> <span class='ocrx_word' id='word_1_212' title='bbox 896 2447 922 2486; x_wconf 82' lang='lat' dir='ltr'><strong>a.</strong></span> <span class='ocrx_word' id='word_1_213' title='bbox 946 2430 1101 2505; x_wconf 89' lang='lat' dir='ltr'><strong>praesente</strong></span> 
     </span>
     <span class='ocr_line' id='line_1_26' title="bbox 81 2518 1142 2597; baseline 0.001 -21"><span class='ocrx_word' id='word_1_214' title='bbox 81 2518 199 2594; x_wconf 83' lang='lat' dir='ltr'><strong>publice</strong></span> <span class='ocrx_word' id='word_1_215' title='bbox 228 2519 413 2595; x_wconf 84' lang='lat' dir='ltr'><strong>dissererem,</strong></span> <span class='ocrx_word' id='word_1_216' title='bbox 443 2519 677 2579; x_wconf 83' lang='lat' dir='ltr'><strong>Seminumidam</strong></span> <span class='ocrx_word' id='word_1_217' title='bbox 704 2522 734 2578; x_wconf 88' lang='lat' dir='ltr'><strong>et</strong></span> <span class='ocrx_word' id='word_1_218' title='bbox 762 2518 1010 2597; x_wconf 77' lang='lat' dir='ltr'><strong>Semigaetulum,</strong></span> <span class='ocrx_word' id='word_1_219' title='bbox 1041 2535 1102 2574; x_wconf 93' lang='lat' dir='ltr'><strong>non</strong></span> <span class='ocrx_word' id='word_1_220' title='bbox 1116 2537 1142 2577; x_wconf 82' lang='grc'><strong>13</strong></span> 
     </span>
     <span class='ocr_line' id='line_1_27' title="bbox 81 2606 1100 2685; baseline -0.001 -20"><span class='ocrx_word' id='word_1_221' title='bbox 81 2607 169 2666; x_wconf 85' lang='lat' dir='ltr'><strong>uideo</strong></span> <span class='ocrx_word' id='word_1_222' title='bbox 200 2607 272 2683; x_wconf 92' lang='lat' dir='ltr'><strong>quid</strong></span> <span class='ocrx_word' id='word_1_223' title='bbox 303 2609 377 2667; x_wconf 91' lang='lat' dir='ltr'><strong>mihi</strong></span> <span class='ocrx_word' id='word_1_224' title='bbox 410 2612 450 2669; x_wconf 86' lang='lat' dir='ltr'><strong>sit</strong></span> <span class='ocrx_word' id='word_1_225' title='bbox 481 2611 513 2668; x_wconf 91' lang='lat' dir='ltr'><strong>in</strong></span> <span class='ocrx_word' id='word_1_226' title='bbox 543 2629 578 2668; x_wconf 92' lang='lat' dir='ltr'><strong>ea</strong></span> <span class='ocrx_word' id='word_1_227' title='bbox 610 2629 641 2668; x_wconf 90' lang='lat' dir='ltr'><strong>re</strong></span> <span class='ocrx_word' id='word_1_228' title='bbox 673 2608 857 2685; x_wconf 92' lang='lat' dir='ltr'><strong>pudendum,</strong></span> <span class='ocrx_word' id='word_1_229' title='bbox 890 2606 972 2665; x_wconf 92' lang='lat' dir='ltr'><strong>haud</strong></span> <span class='ocrx_word' id='word_1_230' title='bbox 1003 2608 1100 2664; x_wconf 89' lang='lat' dir='ltr'><strong>minus</strong></span> 
     </span>
    </p>
   </div>
   <div class='ocr_carea' id='block_1_5' title="bbox 78 2792 1131 3658">
    <p class='ocr_par' dir='ltr' id='par_1_7' title="bbox 80 2792 1102 3078">
     <span class='ocr_line' id='line_1_28' title="bbox 153 2792 1102 2864; baseline -0.003 -17"><span class='ocrx_word' id='word_1_231' title='bbox 153 2794 281 2850; x_wconf 74' lang='lat' dir='ltr'><strong>F109¹²³.</strong></span> <span class='ocrx_word' id='word_1_232' title='bbox 301 2797 377 2864; x_wconf 66' lang='lat' dir='ltr'><strong>urob.</strong></span> <span class='ocrx_word' id='word_1_233' title='bbox 444 2802 459 2848; x_wconf 79' lang='lat'><strong>2</strong></span> <span class='ocrx_word' id='word_1_234' title='bbox 480 2796 631 2851; x_wconf 83' lang='lat' dir='ltr'><strong>diserundir</strong></span> <span class='ocrx_word' id='word_1_235' title='bbox 649 2798 690 2864; x_wconf 83' lang='grc' dir='ltr'><strong>(φ,</strong></span> <span class='ocrx_word' id='word_1_236' title='bbox 708 2796 756 2850; x_wconf 84' lang='grc'><strong>3331</strong></span> <span class='ocrx_word' id='word_1_237' title='bbox 773 2813 821 2849; x_wconf 84' lang='lat' dir='ltr'><strong>em.</strong></span> <span class='ocrx_word' id='word_1_238' title='bbox 837 2797 873 2849; x_wconf 86' lang='grc'><strong>31.</strong></span> <span class='ocrx_word' id='word_1_239' title='bbox 888 2796 934 2863; x_wconf 85' lang='lat' dir='ltr'><strong>m.)</strong></span> <span class='ocrx_word' id='word_1_240' title='bbox 972 2792 1102 2847; x_wconf 87' lang='lat' dir='ltr'><strong>deferun-</strong></span> 
     </span>
     <span class='ocr_line' id='line_1_29' title="bbox 80 2864 1066 2939; baseline 0 -21"><span class='ocrx_word' id='word_1_241' title='bbox 80 2864 151 2919; x_wconf 89' lang='lat' dir='ltr'><strong>dum</strong></span> <span class='ocrx_word' id='word_1_242' title='bbox 165 2866 281 2922; x_wconf 75' lang='lat' dir='ltr'><strong>Stewede</strong></span> <span class='ocrx_word' id='word_1_243' title='bbox 352 2867 511 2936; x_wconf 75' lang='grc'><strong>43313311</strong></span> <span class='ocrx_word' id='word_1_244' title='bbox 524 2867 576 2921; x_wconf 88' lang='lat' dir='ltr'><strong>XX</strong></span> <span class='ocrx_word' id='word_1_245' title='bbox 590 2870 633 2937; x_wconf 83' lang='grc' dir='ltr'><strong>(φ)</strong></span> <span class='ocrx_word' id='word_1_246' title='bbox 706 2866 857 2939; x_wconf 84' lang='lat' dir='ltr'><strong>6&lt;haud&gt;</strong></span> <span class='ocrx_word' id='word_1_247' title='bbox 872 2864 982 2918; x_wconf 84' lang='lat' dir='ltr'><strong>modice</strong></span> <span class='ocrx_word' id='word_1_248' title='bbox 999 2865 1066 2919; x_wconf 79' lang='lat' dir='ltr'><strong>Volo</strong></span> 
     </span>
     <span class='ocr_line' id='line_1_30' title="bbox 82 2936 1100 3009; baseline -0.004 -19"><span class='ocrx_word' id='word_1_249' title='bbox 82 2936 182 3009; x_wconf 82' lang='lat' dir='ltr'><strong>&lt;non&gt;</strong></span> <span class='ocrx_word' id='word_1_250' title='bbox 196 2955 232 2992; x_wconf 90' lang='lat' dir='ltr'><strong>m.</strong></span> <span class='ocrx_word' id='word_1_251' title='bbox 243 2945 308 3007; x_wconf 84' lang='lat' dir='ltr'><strong>post</strong></span> <span class='ocrx_word' id='word_1_252' title='bbox 322 2939 431 2993; x_wconf 79' lang='lat' dir='ltr'><strong>Oasoab</strong></span> <span class='ocrx_word' id='word_1_253' title='bbox 445 2939 593 3006; x_wconf 66' lang='lat' dir='ltr'><strong>Kromna·</strong></span> <span class='ocrx_word' id='word_1_254' title='bbox 611 2939 658 2993; x_wconf 85' lang='lat' dir='ltr'><strong>sed</strong></span> <span class='ocrx_word' id='word_1_255' title='bbox 675 2937 787 2992; x_wconf 83' lang='lat' dir='ltr'><strong>modice</strong></span> <span class='ocrx_word' id='word_1_256' title='bbox 804 2938 944 3008; x_wconf 62' lang='grc'><strong>3193131331</strong></span> <span class='ocrx_word' id='word_1_257' title='bbox 961 2936 1100 3004; x_wconf 76' lang='lat' dir='ltr'><strong>‘aliquoo-</strong></span> 
     </span>
     <span class='ocr_line' id='line_1_31' title="bbox 82 3007 1101 3078; baseline -0.005 -14"><span class='ocrx_word' id='word_1_258' title='bbox 82 3009 152 3064; x_wconf 78' lang='lat' dir='ltr'><strong>twm&#39;</strong></span> <span class='ocrx_word' id='word_1_259' title='bbox 172 3025 257 3077; x_wconf 78' lang='lat' dir='ltr'><strong>aeque</strong></span> <span class='ocrx_word' id='word_1_260' title='bbox 275 3010 334 3065; x_wconf 83' lang='grc'><strong>3311</strong></span> <span class='ocrx_word' id='word_1_261' title='bbox 351 3011 474 3077; x_wconf 69' lang='grc'><strong>3333111331</strong></span> <span class='ocrx_word' id='word_1_262' title='bbox 491 3012 527 3064; x_wconf 84' lang='grc' dir='ltr'><strong>Α.</strong></span> <span class='ocrx_word' id='word_1_263' title='bbox 541 3028 568 3065; x_wconf 85' lang='grc'><strong>33</strong></span> <span class='ocrx_word' id='word_1_264' title='bbox 584 3027 733 3078; x_wconf 79' lang='lat' dir='ltr'><strong>pauperem</strong></span> <span class='ocrx_word' id='word_1_265' title='bbox 751 3026 805 3064; x_wconf 86' lang='lat' dir='ltr'><strong>esse</strong></span> <span class='ocrx_word' id='word_1_266' title='bbox 886 3013 920 3060; x_wconf 86' lang='lat'><strong>10</strong></span> <span class='ocrx_word' id='word_1_267' title='bbox 938 3009 1039 3075; x_wconf 66' lang='lat' dir='ltr'><strong>ateptu</strong></span> <span class='ocrx_word' id='word_1_268' title='bbox 1058 3007 1101 3075; x_wconf 83' lang='grc' dir='ltr'><strong>(φ)</strong></span> 
     </span>
    </p>

    <p class='ocr_par' dir='ltr' id='par_1_8' title="bbox 78 3077 1131 3658">
     <span class='ocr_line' id='line_1_32' title="bbox 119 3077 1103 3150; baseline -0.003 -17"><span class='ocrx_word' id='word_1_269' title='bbox 119 3081 311 3149; x_wconf 86' lang='lat' dir='ltr'><strong>contemptum</strong></span> <span class='ocrx_word' id='word_1_270' title='bbox 330 3081 401 3149; x_wconf 84' lang='lat' dir='ltr'><strong>Lips</strong></span> <span class='ocrx_word' id='word_1_271' title='bbox 418 3082 453 3148; x_wconf 74' lang='lat' dir='ltr'><strong>cs.</strong></span> <span class='ocrx_word' id='word_1_272' title='bbox 469 3083 542 3136; x_wconf 79' lang='lat' dir='ltr'><strong>Pbit.</strong></span> <span class='ocrx_word' id='word_1_273' title='bbox 554 3084 570 3136; x_wconf 86' lang='grc'><strong>1.</strong></span> <span class='ocrx_word' id='word_1_274' title='bbox 587 3083 603 3135; x_wconf 85' lang='lat' dir='ltr'><strong>l.</strong></span> <span class='ocrx_word' id='word_1_275' title='bbox 619 3099 648 3150; x_wconf 80' lang='lat' dir='ltr'><strong>p.</strong></span> <span class='ocrx_word' id='word_1_276' title='bbox 660 3085 716 3134; x_wconf 83' lang='lat'><strong>525</strong></span> <span class='ocrx_word' id='word_1_277' title='bbox 829 3084 954 3147; x_wconf 75' lang='lat' dir='ltr'><strong>requae</strong></span> <span class='ocrx_word' id='word_1_278' title='bbox 966 3111 997 3118; x_wconf 86' lang='lat'>—</span> <span class='ocrx_word' id='word_1_279' title='bbox 1009 3077 1103 3148; x_wconf 79' lang='lat' dir='ltr'><strong>gignit</strong></span> 
     </span>
     <span class='ocr_line' id='line_1_33' title="bbox 78 3150 1102 3222; baseline -0.002 -18"><span class='ocrx_word' id='word_1_280' title='bbox 78 3167 133 3219; x_wconf 77' lang='lat' dir='ltr'><strong>pro</strong></span> <span class='ocrx_word' id='word_1_281' title='bbox 147 3151 334 3206; x_wconf 77' lang='lat' dir='ltr'><strong>additamento</strong></span> <span class='ocrx_word' id='word_1_282' title='bbox 347 3153 427 3206; x_wconf 81' lang='lat' dir='ltr'><strong>babet</strong></span> <span class='ocrx_word' id='word_1_283' title='bbox 441 3153 546 3207; x_wconf 82' lang='lat' dir='ltr'><strong>Wower</strong></span> <span class='ocrx_word' id='word_1_284' title='bbox 606 3159 639 3206; x_wconf 78' lang='lat'><strong>14</strong></span> <span class='ocrx_word' id='word_1_285' title='bbox 652 3151 725 3222; x_wconf 85' lang='lat' dir='ltr'><strong>ligni</strong></span> <span class='ocrx_word' id='word_1_286' title='bbox 739 3170 787 3206; x_wconf 83' lang='lat' dir='ltr'><strong>em.</strong></span> <span class='ocrx_word' id='word_1_287' title='bbox 802 3151 861 3205; x_wconf 83' lang='lat' dir='ltr'><strong>eod.</strong></span> <span class='ocrx_word' id='word_1_288' title='bbox 876 3169 910 3204; x_wconf 87' lang='lat' dir='ltr'><strong>m.</strong></span> <span class='ocrx_word' id='word_1_289' title='bbox 925 3150 936 3202; x_wconf 90' lang='lat' dir='ltr'><strong>i</strong></span> <span class='ocrx_word' id='word_1_290' title='bbox 949 3156 1057 3204; x_wconf 82' lang='lat' dir='ltr'><strong>motato</strong></span> <span class='ocrx_word' id='word_1_291' title='bbox 1070 3151 1102 3202; x_wconf 80' lang='lat' dir='ltr'><strong>ia</strong></span> 
     </span>
     <span class='ocr_line' id='line_1_34' title="bbox 83 3222 1101 3291; baseline -0.003 -15"><span class='ocrx_word' id='word_1_292' title='bbox 83 3227 140 3276; x_wconf 76' lang='grc'><strong>331</strong></span> <span class='ocrx_word' id='word_1_293' title='bbox 153 3239 240 3290; x_wconf 79' lang='lat' dir='ltr'><strong>supra</strong></span> <span class='ocrx_word' id='word_1_294' title='bbox 255 3223 352 3277; x_wconf 82' lang='lat' dir='ltr'><strong>addito</strong></span> <span class='ocrx_word' id='word_1_295' title='bbox 366 3225 382 3258; x_wconf 74' lang='lat' dir='ltr'>V</span> <span class='ocrx_word' id='word_1_296' title='bbox 420 3226 558 3291; x_wconf 91' lang='lat' dir='ltr'><strong>quantum</strong></span> <span class='ocrx_word' id='word_1_297' title='bbox 572 3224 703 3278; x_wconf 81' lang='lat' dir='ltr'><strong>Kroaeab</strong></span> <span class='ocrx_word' id='word_1_298' title='bbox 722 3224 785 3288; x_wconf 83' lang='lat' dir='ltr'><strong>fort.</strong></span> <span class='ocrx_word' id='word_1_299' title='bbox 801 3227 869 3277; x_wconf 83' lang='lat' dir='ltr'><strong>recte</strong></span> <span class='ocrx_word' id='word_1_300' title='bbox 928 3222 1101 3288; x_wconf 70' lang='grc'><strong>31333113)</strong></span> 
     </span>
     <span class='ocr_line' id='line_1_35' title="bbox 82 3290 1100 3364; baseline -0.006 -15"><span class='ocrx_word' id='word_1_301' title='bbox 82 3311 163 3349; x_wconf 66' lang='lat' dir='ltr'><strong>emo</strong></span> <span class='ocrx_word' id='word_1_302' title='bbox 236 3299 269 3346; x_wconf 82' lang='lat'><strong>23</strong></span> <span class='ocrx_word' id='word_1_303' title='bbox 288 3294 345 3348; x_wconf 90' lang='lat' dir='ltr'><strong>mei</strong></span> <span class='ocrx_word' id='word_1_304' title='bbox 363 3297 406 3364; x_wconf 83' lang='grc' dir='ltr'><strong>(φ)</strong></span> <span class='ocrx_word' id='word_1_305' title='bbox 447 3295 552 3349; x_wconf 79' lang='lat' dir='ltr'><strong>meisa</strong></span> <span class='ocrx_word' id='word_1_306' title='bbox 625 3293 733 3348; x_wconf 82' lang='lat' dir='ltr'><strong>ostendi</strong></span> <span class='ocrx_word' id='word_1_307' title='bbox 752 3292 805 3348; x_wconf 87' lang='grc'><strong>1311</strong></span> <span class='ocrx_word' id='word_1_308' title='bbox 820 3295 863 3362; x_wconf 83' lang='grc' dir='ltr'><strong>(φ)</strong></span> <span class='ocrx_word' id='word_1_309' title='bbox 883 3300 946 3346; x_wconf 77' lang='lat' dir='ltr'><strong>onte</strong></span> <span class='ocrx_word' id='word_1_310' title='bbox 965 3309 981 3346; x_wconf 96' lang='grc' dir='ltr'>ο</span> <span class='ocrx_word' id='word_1_311' title='bbox 1000 3290 1100 3346; x_wconf 77' lang='grc'><strong>33331]</strong></span> 
     </span>
     <span class='ocr_line' id='line_1_36' title="bbox 82 3363 1100 3430; baseline -0.005 -12"><span class='ocrx_word' id='word_1_312' title='bbox 82 3363 234 3419; x_wconf 86' lang='lat' dir='ltr'><strong>ostendisti</strong></span> <span class='ocrx_word' id='word_1_313' title='bbox 246 3364 354 3420; x_wconf 82' lang='lat' dir='ltr'><strong>Cusaab</strong></span> <span class='ocrx_word' id='word_1_314' title='bbox 391 3367 502 3420; x_wconf 89' lang='lat' dir='ltr'><strong>ostendi</strong></span> <span class='ocrx_word' id='word_1_315' title='bbox 517 3366 643 3421; x_wconf 87' lang='lat' dir='ltr'><strong>dioisKr</strong></span> <span class='ocrx_word' id='word_1_316' title='bbox 679 3365 842 3419; x_wconf 89' lang='lat' dir='ltr'><strong>ostendistis</strong></span> <span class='ocrx_word' id='word_1_317' title='bbox 853 3364 947 3418; x_wconf 75' lang='lat' dir='ltr'><strong>Rotae</strong></span> <span class='ocrx_word' id='word_1_318' title='bbox 965 3364 1100 3430; x_wconf 65' lang='lat' dir='ltr'><strong>cfi29,11.</strong></span> 
     </span>
     <span class='ocr_line' id='line_1_37' title="bbox 82 3432 1108 3506; baseline -0.009 -16"><span class='ocrx_word' id='word_1_319' title='bbox 82 3439 172 3503; x_wconf 79' lang='lat'><strong>50,22</strong></span> <span class='ocrx_word' id='word_1_320' title='bbox 207 3437 311 3491; x_wconf 81' lang='lat' dir='ltr'><strong>onil.</strong></span> <span class='ocrx_word' id='word_1_321' title='bbox 319 3438 359 3491; x_wconf 77' lang='grc'><strong>11.</strong></span> <span class='ocrx_word' id='word_1_322' title='bbox 367 3454 396 3505; x_wconf 79' lang='lat' dir='ltr'><strong>p.</strong></span> <span class='ocrx_word' id='word_1_323' title='bbox 404 3441 455 3491; x_wconf 83' lang='lat'><strong>531</strong></span> <span class='ocrx_word' id='word_1_324' title='bbox 530 3438 680 3505; x_wconf 68' lang='grc'><strong>343133)</strong></span> <span class='ocrx_word' id='word_1_325' title='bbox 717 3435 809 3490; x_wconf 64' lang='lat' dir='ltr'><strong>oue</strong></span> <span class='ocrx_word' id='word_1_326' title='bbox 882 3432 1108 3506; x_wconf 57' lang='grc'><strong>1313313313113</strong></span> 
     </span>
     <span class='ocr_line' id='line_1_38' title="bbox 81 3497 1131 3579; baseline -0.018 -17"><span class='ocrx_word' id='word_1_327' title='bbox 81 3524 131 3562; x_wconf 81' lang='lat' dir='ltr'><strong>em.</strong></span> <span class='ocrx_word' id='word_1_328' title='bbox 148 3528 170 3576; x_wconf 85' lang='grc' dir='ltr'>φ</span> <span class='ocrx_word' id='word_1_329' title='bbox 239 3513 273 3561; x_wconf 77' lang='lat'><strong>26</strong></span> <span class='ocrx_word' id='word_1_330' title='bbox 292 3509 371 3561; x_wconf 83' lang='lat' dir='ltr'><strong>riui.</strong></span> <span class='ocrx_word' id='word_1_331' title='bbox 386 3509 453 3565; x_wconf 85' lang='lat' dir='ltr'><strong>Ideo</strong></span> <span class='ocrx_word' id='word_1_332' title='bbox 491 3515 552 3579; x_wconf 72' lang='lat' dir='ltr'><strong>prii</strong></span> <span class='ocrx_word' id='word_1_333' title='bbox 567 3508 656 3563; x_wconf 85' lang='lat' dir='ltr'><strong>uideo</strong></span> <span class='ocrx_word' id='word_1_334' title='bbox 670 3507 737 3578; x_wconf 60' lang='lat' dir='ltr'><strong>ideo</strong></span> <span class='ocrx_word' id='word_1_335' title='bbox 752 3508 880 3567; x_wconf 64' lang='grc'><strong>333133,</strong></span> <span class='ocrx_word' id='word_1_336' title='bbox 894 3505 1058 3565; x_wconf 66' lang='grc'><strong>3333331333</strong></span> <span class='ocrx_word' id='word_1_337' title='bbox 1068 3497 1131 3542; x_wconf 70' lang='grc'><strong>333.</strong></span> 
     </span>
     <span class='ocr_line' id='line_1_39' title="bbox 78 3579 810 3658; baseline -0.001 -26"><span class='ocrx_word' id='word_1_338' title='bbox 78 3579 220 3648; x_wconf 55' lang='grc'><strong>3333333333</strong></span> <span class='ocrx_word' id='word_1_339' title='bbox 235 3596 313 3636; x_wconf 81' lang='lat' dir='ltr'><strong>eraso</strong></span> <span class='ocrx_word' id='word_1_340' title='bbox 330 3579 395 3653; x_wconf 75' lang='lat' dir='ltr'><strong>Ito)</strong></span> <span class='ocrx_word' id='word_1_341' title='bbox 470 3582 586 3658; x_wconf 62' lang='lat' dir='ltr'><strong>minus]</strong></span> <span class='ocrx_word' id='word_1_342' title='bbox 602 3580 703 3652; x_wconf 77' lang='lat' dir='ltr'><strong>magis</strong></span> <span class='ocrx_word' id='word_1_343' title='bbox 721 3579 810 3634; x_wconf 74' lang='lat' dir='ltr'><strong>aava</strong></span> 
     </span>
    </p>
   </div>
   <div class='ocr_carea' id='block_1_6' title="bbox 0 0 1254 3840">
    <p class='ocr_par' dir='ltr' id='par_1_9' title="bbox 0 0 1254 3840">
     <span class='ocr_line' id='line_1_40' title="bbox 0 0 1254 3840; baseline 0 0"><span class='ocrx_word' id='word_1_344' title='bbox 0 0 1254 3840; x_wconf 95' lang='lat' dir='ltr'><strong> </strong></span> 
     </span>
    </p>
   </div>
  </div>
 </body>
</html>
