2498 3840
113 174 155 237 92
392 173 526 228 APVLEI
544 172 728 228 16610616
746 177 788 227 ea.
809 176 843 225 er

61 283 113 324 066.
1147 286 1186 327 Era

60 354 121 404 (⁵⁶⁸)
181 341 239 401 Oro
266 346 311 416 te,
342 343 486 416 Maxime,
518 344 545 401 si
576 343 695 401 litterae
726 344 785 416 ita,
812 344 847 399 ut
873 342 986 416 partim
1012 341 1134 402 uocales

113 431 260 506 dicuntur,
285 431 376 490 etiam
398 433 553 507 propriam
575 449 679 489 uocem
702 433 892 507 usurparent,
916 432 941 488 si
963 430 1057 489 uerba
1079 433 1134 506 ita,

112 523 147 579 ut
169 522 276 596 poetae
301 516 397 594 aiunt,
420 521 618 596 6166166666
640 521 732 599 uulgo
753 520 908 593 uolcrent,
931 539 1042 593 nonne,
1065 538 1134 579 cum

112 611 243 685 primum
276 610 436 685 epistolam
467 609 558 668 istam
589 609 713 668 Rufinus
747 609 829 667 mala
864 607 922 667 fido
954 611 1134 685 excerperet,

86 717 210 774 666666
237 699 363 777 legeret,
395 698 492 757 multa
520 700 551 757 66
577 698 701 757 meliora
728 700 824 757 661666
851 699 1002 771 reticeret,
1035 716 1134 756 nonne

112 790 184 846 tunc
212 791 326 847 ceterae
358 787 478 847 litterae
511 787 634 846 66616666
666 806 697 847 66
729 787 856 846 detineri
886 785 1135 862 proclamassent,

111 876 205 936 uerba
228 895 388 952 suppressa
410 875 446 934 de
470 875 571 934 Rufini
592 876 730 935 manibus
752 876 833 935 foras
857 875 1039 950 euolasseut,
1059 866 1134 956 1166-

111 967 179 1024 tum
200 965 299 1024 iorum
321 964 454 1024 tumultu
477 964 687 1040 complessent:
710 961 754 1024 ‘se
779 983 895 1040 quoque
919 984 938 1025 6
959 963 1135 1024 Pudentilla

112 1056 232 1129 missas,
265 1053 323 1113 sibi
349 1055 443 1113 etiam
473 1073 550 1129 quae
577 1054 709 1113 dicerent
735 1054 892 1129 mandata,
928 1053 1065 1130 improbo
1098 1071 1134 1113 ac

73 1163 99 1203 ro
113 1143 227 1202 nefario
246 1143 363 1201 homini
380 1161 434 1218 per
451 1143 565 1202 alienas
584 1143 701 1202 litteras
720 1143 831 1202 falsum
853 1144 950 1201 facere
969 1145 1134 1217 temptanti
1148 1157 1177 1197 6

112 1250 167 1291 666
181 1233 393 1306 auscultarent,
407 1231 467 1291 sibi
479 1233 580 1307 potius
595 1231 745 1304 audirent,
764 1232 927 1308 Apuleium
941 1231 1058 1309 magiae
1073 1251 1133 1290 non

113 1323 286 1380 accusatum
307 1340 325 1379 a
343 1320 524 1394 Pudentilla,
548 1319 600 1395 sed
622 1324 780 1380 accusante
798 1320 905 1379 Rufino
928 1316 1135 1378 absolutum’?

114 1428 191 1484 quae
205 1411 306 1469 omnia
320 1411 377 1468 etsi
390 1412 456 1468 tum
470 1409 551 1469 dicta
565 1429 626 1468 non
639 1413 717 1483 sunt,
736 1412 838 1468 tamen
852 1428 939 1482 nunc,
954 1428 1021 1468 cum
1034 1411 1133 1486 magis

113 1501 246 1574 prosunt,
265 1499 330 1557 luce
345 1498 501 1557 inlustrius
515 1501 670 1574 apparent.
702 1501 810 1575 patent
827 1501 906 1557 artes
920 1501 999 1573 tuae,
1018 1497 1134 1573 Rufine,

73 1606 99 1647 15
113 1588 233 1646 fraudes
252 1588 346 1662 hiant,
365 1587 514 1646 detectum
532 1587 721 1646 mendacium
739 1590 797 1648 est:
815 1588 928 1647 ueritas
947 1588 1020 1646 olim
1040 1589 1134 1646 inter·

77 1681 96 1744 †
115 1694 201 1734 uersa
220 1694 297 1735 nunc
315 1695 346 1735 se
361 1677 421 1735 fert
440 1679 470 1734 66
487 1677 572 1736 66166
586 1678 648 1737 6166
661 1677 804 1737 barathro
818 1676 984 1736 calumnias
998 1677 1132 1754 emergit.
1184 1715 1186 1719 -

180 1765 229 1824 Ad
265 1766 382 1824 litteras
419 1765 608 1824 Pudentillae
645 1766 844 1841 prouocastis:
883 1766 995 1824 litteris
1035 1766 1133 1841 uinco,
1149 1769 1189 1825 84

115 1874 241 1931 quarum
265 1856 291 1913 si
313 1854 407 1913 uultis
431 1858 593 1914 extremam
612 1874 730 1930 quoque
753 1854 918 1914 clausulam
937 1854 1049 1930 audire,
1073 1874 1133 1914 non

113 1942 263 2018 inuidebo,
309 1943 428 2021 dictu,
454 1943 561 2019 quibus
584 1943 683 2002 uerbis
706 1944 868 2019 epistulam
890 1942 1003 2001 finierit
1025 1943 1135 2002 mulier

73 2053 100 2092 ao
115 2033 288 2108 obcantata,
315 2051 432 2106 uecors,
462 2051 576 2107 amens,
604 2052 720 2092 amans:
750 2024 827 2111 Ἕηὼ
855 2028 922 2091 οὔτε
950 2030 1133 2111 μεμᾶγενμαι

114 2113 237 2200 οὔ[τε]τ’
268 2119 332 2200 ἐρῶ.
396 2119 451 2198 τὴν
483 2118 663 2200 εἱμαρμένην
695 2118 760 2196 iao.
821 2121 949 2180 etiamne
982 2119 1133 2197 amplius?

184 2343 206 2396 F
222 2343 295 2397 12st
316 2343 410 2412 6201.
490 2348 505 2396 3
525 2345 608 2399 Hom.
626 2343 675 2397 06.
691 2364 723 2410 α,
742 2347 797 2398 122
815 2345 850 2410 cf.
866 2344 943 2398 Ena.
958 2361 1027 2398 scen.
1043 2349 1098 2400 403

112 2449 199 2521 uulgo
215 2456 278 2505 cate
291 2453 393 2519 poetae
407 2451 602 2517 6666666666.
613 2457 700 2504 censet
713 2452 781 2505 Prie
851 2428 980 2505 66166666
993 2454 1019 2521 (6
1033 2454 1134 2508 induci

113 2535 302 2610 et⁸supersca
317 2541 353 2593 61.
368 2540 414 2609 m.)
487 2545 503 2592 6
521 2538 550 2592 16
566 2538 637 2606 (166
650 2539 669 2592 d
683 2540 755 2594 inter
772 2539 904 2594 66616666.
920 2541 978 2595 ead.
994 2559 1027 2594 m.
1043 2543 1097 2611 eff.)

149 2627 323 2682 86666166*
341 2628 457 2697 (666.”)
544 2633 577 2681 16
596 2644 655 2681 nun
674 2629 719 2697 (61.
734 2646 769 2683 m.
784 2624 877 2696 odd.⁰)
915 2635 990 2697 φεῶ
1077 2629 1136 2685 fert

113 2703 155 2770 (φ,
169 2701 201 2753 ia
214 2698 798 2770 66.666.6.666666666.1.6116661616666116)
836 2703 870 2768 cf.
883 2701 937 2754 016,
943 2701 1021 2756 Loel.
1027 2704 1072 2767 27,
1078 2707 1136 2756 100

149 2770 316 2843 <ef>serto
413 2769 579 2844 (solutam)
604 2770 712 2825 ecfert
733 2771 779 2825 He
876 2771 1002 2844 (enixa)
1028 2772 1132 2826 calum-

113 2843 175 2896 nias
193 2843 259 2897 1116
295 2842 569 2909 6611611116580
646 2841 839 2896 calumniaec
912 2843 1054 2897 calumnia
1072 2843 1132 2898 edd.

113 2914 214 2968 Alteab
228 2915 287 2981 Rip
343 2913 491 2966 calumniis
510 2914 609 2967 Nocet
664 2913 822 2968 calumniae
841 2929 871 2967 66
890 2915 1011 2984 emergit
1027 2914 1098 2983 Lips

114 2983 256 3037 calumnia
275 3000 304 3038 66
321 2984 427 3054 mergit·
443 2984 619 3039 Elmealcorst
708 2984 850 3038 calumnia
869 3001 899 3040 se
918 2986 1038 3056 emergit
1057 2985 1135 3040 Sala

151 3061 183 3108 17
199 3054 483 3128 <16616>1166Η6666
520 3055 753 3128 <his>lSauppc
815 3061 847 3110 19
863 3056 932 3126 epta
994 3056 1134 3127 60621666

115 3143 343 3194 oyueuffloresuor
362 3145 498 3182 ovrcrerw
513 3126 567 3180 uhu
581 3127 753 3196 sinopueuhu
767 3146 828 3196 εκφ.
867 3128 927 3182 666
946 3127 1132 3198 μεμάηενμαι·

115 3194 205 3263 decd'
219 3198 284 3265 ἐρῶ,
304 3194 382 3251 αἰτία
400 3197 418 3266 ἡ
438 3196 588 3267 εἱμαρμένη
608 3197 661 3265 ἔφν
682 3200 791 3253 066666
873 3199 935 3254 οὔτε
955 3197 982 3255 d’
996 3199 1063 3267 ἐρῶ,
1080 3199 1134 3268 τὴν

114 3266 283 3339 εἱμαρμένην
302 3269 374 3337 ἔφην
393 3269 466 3324 Hac
568 3267 627 3323 οὔτ’
644 3267 698 3336 έρῶ
717 3269 768 3338 τὴν
787 3269 956 3340 εἱμαρμένην
975 3268 1133 3338 ἐκφέρουσα

114 3341 231 3412 8666μεὶ
279 3339 343 3395 οὔτε
361 3336 390 3410 y'
407 3340 472 3408 ἐρᾶν
491 3339 543 3409 τὴν
561 3338 730 3417 εἱμαρμένην
747 3340 801 3410 ἔχω
822 3342 961 3396 Rossbach
1010 3341 1133 3413 (παρὰ)

113 3411 164 3481 τὴν
183 3410 352 3481 εἱμαρμένην
372 3409 589 3484 ἐκφ<ερομένη>
610 3413 655 3466 He
673 3411 745 3465 Phil.
757 3413 774 3464 1.
786 3413 916 3481 z.p.547;
931 3420 1056 3482 praestat
1070 3419 1135 3481 post

101 3483 160 3542 m
171 3484 306 3547 varariter
321 3484 528 3554 6666666666,
551 3490 583 3537 ut
600 3484 723 3538 66661666
741 3491 853 3554 capetus
870 3485 942 3539 illud
959 3483 1133 3553 μεμάρενμαι

82 3546 139 3592 aa)
159 3549 217 3610 &aas
242 3555 504 3626 6061691616),
528 3573 644 3628 sequena
668 3561 761 3611 actem
784 3557 959 3611 6666616666
980 3561 1077 3622 putore
1098 3557 1134 3609 66
