2498 3840
113 176 157 240 52
393 176 526 230 APVLEI
544 176 728 231 APOLOGIA
747 181 789 231 44.
809 181 843 231 40

60 287 224 404 οΜ11011010
242 365 314 404 uero
332 365 457 421 puerum
476 347 618 423 elegistis,
637 365 725 422 quem
740 347 806 420 quis
820 346 965 405 sacrificio
980 291 1185 420 adhibeatdsdl

112 435 196 494 anius
219 436 310 509 eaput
333 437 501 513 contingat,
529 453 618 510 quem
645 453 720 510 puro
743 435 836 510 pallio
865 436 1000 509 amiciat,
1029 455 1047 494 a
1071 455 1130 510 quo

111 541 286 599 responsum
305 526 412 600 speret.
453 523 562 582 uellem
582 523 680 589 herole
704 523 832 583 adesset:
855 522 912 582 tibi
930 543 1006 598 eum,
1029 524 1130 582 Aemi-

111 611 203 686 liane,
233 598 447 688 permisissem,
475 615 505 671 et
532 615 675 686 tenerem,
708 613 734 671 si
762 615 797 671 tu
828 614 1041 691 interrogarem
1068 615 1130 671 iam

85 703 145 760 sin
167 701 266 760 media
290 703 463 775 quaestione
484 702 533 761 hio
552 700 663 760 ibidem
681 720 736 777 pro
754 700 900 760 tribunali
918 702 1018 761 oculos
1037 704 1130 760 trucis

112 789 144 848 in
167 794 197 849 te
220 790 406 866 inuertisset,
434 790 542 848 faeiem
569 793 654 849 tuam
683 790 907 866 spumabundus
936 792 1131 866 conspuisset,

111 897 218 938 manus
242 880 451 953 contraxisset,
479 882 570 954 caput
596 879 802 954 succussisset,
830 882 980 954 postremo
1007 882 1040 938 in
1063 882 1130 938 sinu

112 970 166 1028 tuo
190 969 356 1026 corruisset.
1171 1033 1173 1036 y

162 1111 165 1118 .
178 1055 269 1114 XIIII
282 1074 384 1116 seruos
398 1075 472 1132 quos
486 1056 648 1132 postulasti
662 1056 793 1116 exhibeo.
833 1075 886 1115 cur
903 1057 964 1116 illis
984 1057 1022 1115 ad
1041 1077 1131 1132 quae·
1147 1060 1186 1117 45

72 1166 99 1206 ro
113 1147 240 1204 stionem
262 1145 338 1204 nihil
360 1144 476 1204 uteris?
518 1165 613 1204 unum
634 1164 760 1221 puerum
783 1149 873 1222 atque
897 1165 963 1204 eum
987 1146 1131 1204 caducum

112 1233 253 1310 requiris,
281 1252 370 1310 quem
395 1225 398 1315 1
423 1235 495 1295 olim
524 1234 626 1294 abesse
653 1237 767 1311 pariter
793 1253 907 1293 mecum
937 1236 1002 1294 scis.
1054 1253 1131 1309 quae

113 1323 174 1382 alia
198 1325 244 1382 est
266 1324 434 1382 euidentior
456 1322 629 1382 calumnia?
672 1323 762 1382 XHH
786 1324 865 1383 serui
887 1325 985 1400 petitu
1007 1327 1060 1382 tuo
1079 1324 1145 1381 ad·-

113 1415 191 1485 sunt,
215 1431 264 1470 eos
288 1412 472 1487 dissimulas3
495 1432 573 1472 unus
593 1414 735 1488 puerulus
759 1413 851 1488 abest,
875 1431 943 1471 eum
965 1412 1130 1472 insimulas.
1193 1451 1195 1457 ·

114 1503 264 1576 postremo
293 1501 365 1576 quid
392 1499 460 1586 uis?
509 1505 584 1577 puta
613 1502 754 1560 Thallum
782 1501 897 1560 adesse:
929 1501 975 1562 uis
1002 1501 1131 1577 probare

74 1609 99 1650 rs
115 1609 183 1648 eum
205 1592 361 1665 praesente
384 1609 431 1648 me
455 1589 639 1649 concidisse?
660 1591 740 1649 ultro
760 1590 907 1649 confiteor.
950 1592 1080 1649 carmine
1097 1590 1131 1648 id

114 1679 227 1738 factum
251 1676 346 1738 dicis?
390 1680 446 1738 hoo
468 1699 543 1754 puer
565 1682 672 1754 nescit,
700 1699 754 1757 ego
777 1699 837 1738 non
860 1680 974 1738 factum
995 1681 1130 1754 reninc03

113 1787 185 1828 nam
212 1768 356 1827 caducum
383 1786 447 1827 esse
474 1788 600 1844 puerum
627 1787 681 1826 000
708 1772 742 1826 10
770 1768 892 1828 audebis
915 1788 1032 1846 negare.
1078 1788 1131 1828 our

114 1877 184 1935 ergo
208 1859 334 1916 carmini
356 1858 456 1932 potius
480 1877 571 1933 quam
596 1857 698 1916 morbo
723 1857 906 1917 attribuatur
933 1859 996 1916 eius
1021 1856 1132 1916 ruina?

115 1967 153 2005 an
176 1949 294 2005 euenire
317 1964 376 2004 non
400 1949 512 2022 potuit,
541 1950 575 2004 01
597 1947 674 2004 forte
697 1956 851 2022 praesente
874 1966 922 2004 me
945 1947 1023 2005 idem
1046 1950 1131 2021 pate-

61 2048 102 2088 502
115 2037 209 2110 retur,
243 2035 322 2111 quod
354 2053 442 2110 saepe
475 2035 550 2094 alias
582 2035 685 2094 multis
717 2033 944 2111 praesentibus?
998 2036 1078 2111 quod
1105 2036 1175 2104 sisa

75 2145 100 2186 rr
115 2143 257 2202 magnum
275 2127 412 2199 putarem
432 2125 575 2182 caducum
594 2125 716 2199 deicere,
735 2125 807 2200 quid
826 2144 899 2199 opus
919 2127 1049 2183 carmine
1062 2125 1132 2200 1011,

115 2232 183 2273 eum
200 2215 338 2271 incensus
357 2216 480 2290 gagates
499 2214 586 2289 lapis,
609 2217 643 2271 ut
662 2214 742 2289 apud
760 2215 896 2288 physicos
914 2214 991 2291 lego,
1009 2213 1132 2289 pulchre

115 2306 146 2362 et
173 2303 261 2360 facile
288 2301 367 2359 hunc
394 2302 530 2360 morbum
561 2303 706 2378 exploret,
739 2305 822 2361 cuius
855 2303 943 2361 odore
976 2305 1068 2360 etiam
1099 2303 1133 2362 in

89 2448 91 2451 ,
116 2391 271 2450 uenaliciis
299 2391 390 2467 uulgo
419 2391 579 2450 sanitatem
607 2395 659 2450 aut
686 2392 822 2450 morbum
844 2393 995 2450 uenalium
1020 2394 1131 2467 experi-

76 2500 102 2541 00
118 2477 227 2538 antur?
281 2479 372 2537 etiam
404 2479 484 2538 orbis
518 2498 536 2536 0
567 2479 659 2556 figulo
692 2481 887 2539 circumactus
918 2500 979 2539 non
1010 2480 1132 2539 difficile

116 2568 248 2628 eiusdem
271 2567 453 2628 ualetudinis
478 2569 628 2628 hominem
646 2560 655 2650 ll
673 2571 821 2647 uertigine
850 2571 896 2628 sui
923 2569 1060 2644 corripit,
1087 2572 1132 2628 ita

117 2658 322 2734 spectaculum
344 2659 503 2716 rotationis
523 2660 585 2716 eius
609 2660 743 2717 animum
766 2659 900 2717 saucium
923 2658 1073 2735 debilitat3
1097 2676 1132 2717 ae

116 2748 211 2806 multo
233 2747 301 2823 plus
330 2747 367 2805 ad
391 2747 518 2806 caducos
540 2748 768 2807 consternendos
796 2747 905 2825 figulus
933 2748 1015 2806 ualet
1032 2737 1132 2822 'quam

187 2970 292 3025 aar.
308 2977 394 3039 012⁸.
440 2976 455 3024 a
475 2955 561 3039 capte
575 2972 603 3040 (u
617 2971 811 3039 00000000
824 2971 940 3037 effectae
954 2987 987 3024 a
1001 2972 1014 3023 e
1027 2976 1052 3025 a
1066 2972 1133 3038 qua

112 3076 216 3127 param
231 3061 381 3128 perspicua
397 3045 563 3129 eratvadd.)
636 3065 652 3112 3
668 3059 742 3114 uelle
757 3062 798 3129 (φ,
812 3060 859 3114 aad
872 3061 908 3113 al.
919 3077 953 3113 ra.
960 3066 1024 3130 post
1038 3076 1053 3114 e
1067 3060 1132 3114 add.

117 3130 281 3200 lineolam]
318 3131 392 3184 belle
407 3131 545 3185 Rossbach
600 3132 757 3184 4tenerem
770 3148 924 3186 scaaasara
977 3132 1010 3183 01
1023 3132 1133 3185 teneres

117 3200 179 3270 ipse
192 3203 254 3255 010
308 3204 341 3255 01
354 3204 472 3270 teneres,
492 3202 516 3255 si
529 3204 562 3255 tu
577 3201 622 3255 Kr
690 3209 723 3256 14
737 3204 912 3271 cfi88,203q.
983 3207 1016 3255 15
1035 3201 1136 3256 afiteor

119 3277 145 3342 (a
159 3273 258 3327 iuras.
273 3273 308 3327 ab
322 3273 381 3328 ead.
392 3291 426 3326 aa.
436 3274 500 3339 faut.
511 3278 542 3326 at
555 3274 621 3341 vid.)
696 3279 727 3326 17
747 3292 814 3326 num
832 3275 875 3341 (a)
934 3290 1008 3327 nunc
1025 3273 1136 3329 Grcslct

154 3359 220 3397 nam
235 3344 358 3399 Bosscba
411 3350 444 3398 22
459 3344 582 3413 phifiool
596 3344 813 3410 efiPla'aaba'st.
820 3345 913 3398 XXX
918 3346 962 3398 VI
964 3348 1047 3411 1934
1054 3348 1133 3414 (142)

107 3412 191 3474 Orpb.
203 3416 281 3466 Ia'tla
293 3420 410 3484 mapa
422 3417 494 3471 Abel
550 3421 584 3468 23
600 3414 700 3468 odores
712 3416 736 3484 (1
747 3417 844 3469 iactare.
855 3417 914 3470 aad.
925 3420 970 3485 ra.)
1007 3415 1136 3483 (madore

125 3481 165 3526 24
183 3482 309 3542 efflanti
325 3503 464 3544 naucerus
483 3488 626 3544 clausulae
732 3491 767 3540 28
786 3488 890 3540 caduco
911 3488 936 3540 10
956 3487 1140 3542 clternendos

70 3535 115 3598 (Ψ,
136 3546 195 3594 sed
208 3565 298 3606 erasa
318 3558 481 3617 abundans
501 3565 526 3634 e)
