2498 3840
116 185 160 249 54
396 185 528 240 APVLEI
546 184 729 239 APOLOGIA
748 191 791 239 46.
810 191 843 239 47

62 294 163 411 aaa&
185 354 258 429 quid
281 354 426 412 aduocato
454 358 506 413 tuo
534 317 738 428 mandaueris,
765 354 868 412 exhibe
895 372 1011 429 pueros.
1058 352 1130 428 quid

114 441 305 518 expalluisti?
355 444 428 519 quid
464 441 567 502 taces?
615 444 720 502 hocine
755 462 893 502 accusare
929 445 988 515 est,
1024 443 1129 501 hocine

112 533 231 590 tuntum
264 534 375 590 crimen
407 532 521 591 deferre
553 552 592 590 an
620 531 778 591 Claudium
805 532 982 605 Maximum,
1011 533 1130 589 tantum

113 622 225 695 uirum,
252 621 382 680 ludibrio
405 621 526 695 habere,
550 641 597 680 me
621 622 770 680 calumnia
793 618 955 680 insectari?
1001 620 1131 696 quodsi

86 710 190 768 sforte
212 713 357 785 patronus
380 713 450 769 tuus
464 702 474 792 Η
486 711 578 769 uerbo
600 711 758 786 prolapsus
782 713 827 770 est
850 713 880 768 et
902 709 1001 767 nullos
1021 727 1129 784 pueros

112 797 204 858 habes
227 818 300 875 quos
321 800 477 875 producas,
501 800 608 858 saltem
626 799 716 856 XIIII
739 801 833 858 seruis
857 817 931 874 ques
950 798 1069 856 exhibui
1092 797 1130 855 ad

59 898 99 937 ⁵04
113 886 229 963 aliquid
251 891 342 946 utere.
385 890 439 947 aut
461 908 513 947 cur
536 889 602 948 sisti
622 888 796 964 postulabas
819 891 938 947 tantam
961 884 1129 946 familiam?
1145 887 1181 943 47

112 977 230 1054 magiae
253 995 395 1036 accusans
419 977 454 1036 de
477 977 533 1035 XV
552 979 645 1036 seniis
668 978 865 1036 denuntiasti:
889 975 970 1053 quid,
993 978 1019 1034 si
1043 975 1078 1033 de
1098 977 1130 1033 ui

113 1066 279 1140 accusares,
311 1071 383 1142 quot
408 1066 530 1125 tandem
562 1085 663 1127 seruos
694 1063 883 1142 postulares?
933 1067 1031 1124 sciunt
1059 1084 1129 1142 ergo

72 1158 98 1213 id
113 1154 229 1229 aliquid
251 1154 307 1212 XV
325 1157 405 1214 serui
428 1158 458 1214 et
480 1157 629 1214 oecultum
653 1157 706 1214 est.
753 1175 792 1214 an
819 1156 969 1214 occultum
996 1173 1056 1212 non
1084 1156 1130 1212 est

112 1246 142 1301 et
173 1245 322 1321 magicum
355 1242 420 1304 est?
472 1246 600 1303 alterum
632 1244 738 1303 horum
770 1245 894 1302 fatearis
926 1261 1042 1302 necesse
1076 1247 1129 1315 est,

82 1411 83 1414 Ἴ
113 1334 165 1390 aut
183 1333 333 1392 inlicitum
351 1352 411 1392 non
430 1334 522 1393 fuisse
540 1336 572 1392 in
592 1353 651 1409 quc
670 1335 718 1392 tot
735 1335 867 1393 conscios
890 1351 950 1392 non
968 1332 1129 1405 timuerim,

112 1423 165 1480 aut
193 1421 218 1479 si
244 1423 395 1480 inlicitum
421 1413 424 1503 i
450 1422 523 1497 fuit,
556 1424 631 1482 scire
662 1424 710 1481 tet
737 1423 869 1482 conscios
897 1440 957 1481 non
985 1421 1129 1480 debuisse.

111 1511 213 1587 magia
235 1512 308 1584 ista,
333 1513 478 1586 quantum
501 1531 556 1589 ego
579 1511 682 1585 audio,
704 1529 752 1570 res
776 1514 821 1570 est
843 1511 959 1588 legibus
982 1511 1130 1588 delegata,

72 1617 97 1658 u
111 1597 173 1657 iam
190 1599 259 1658 inde
279 1600 514 1676 antiquitusXII
527 1600 638 1659 tabulis
656 1603 779 1676 propter
797 1599 993 1659 incredundas
1008 1600 1130 1676 frugum

110 1687 275 1747 inlecebras
303 1689 476 1763 interdicta,
503 1691 598 1766 igitur
625 1692 656 1747 et
683 1690 800 1749 occulta
827 1708 886 1748 non
914 1690 1012 1747 minus
1038 1708 1130 1764 quam

110 1778 191 1836 tetra
214 1779 244 1836 et
266 1778 427 1855 horribilis,
450 1778 625 1855 plerumque
644 1778 781 1837 noctibus
799 1779 928 1855 uigilata
947 1780 978 1836 et
1000 1778 1129 1836 tenebris

112 1865 249 1925 abstrusa
277 1869 307 1925 et
338 1867 460 1926 arbitris
493 1869 630 1927 solitaria
662 1871 692 1926 et
722 1862 915 1927 carminibus
934 1869 1130 1938 murmurata,

111 1957 160 2013 eui
186 1972 246 2014 non
273 1956 361 2015 modo
389 1975 556 2031 seruorum,
588 1976 694 2015 uerum
726 1958 818 2016 etiam
850 1956 1010 2016 liberorum
1040 1957 1131 2031 pauci

71 2062 98 2101 ao
112 2043 297 2112 adhibentur.
340 2047 371 2104 et
387 2047 423 2104 tu
440 2045 611 2121 quindecim
634 2063 735 2105 seruos
757 2047 804 2103 uis
827 2041 1018 2103 interfuisse?
1054 2044 1127 2102 nub·
1143 2059 1170 2097 ea

110 2133 209 2191 tiaene
231 2134 303 2191 illae
326 2135 449 2192 fuerunt
472 2154 510 2193 an
534 2135 616 2194 aliud
640 2134 821 2193 celebratum
845 2133 976 2192 efficium
1000 2153 1038 2192 an
1060 2151 1129 2192 con-

111 2222 228 2279 uiuium
255 2221 504 2297 tempestiuum?
548 2223 604 2281 XV
622 2226 702 2282 serui
729 2241 845 2282 sacrum
872 2225 1023 2300 magicum
1049 2222 1130 2297 parti

112 2311 216 2386 cipant
244 2313 331 2386 quasi
353 2312 409 2369 XV
427 2313 487 2370 uiri
513 2314 604 2372 sacris
627 2312 775 2370 faciundis
799 2310 913 2370 creati?
957 2313 1007 2371 eui
1029 2314 1130 2369 tamen

111 2401 156 2456 rei
178 2402 226 2457 tot
252 2419 375 2459 numero
403 2400 617 2476 adhibuissem,
645 2402 672 2459 si
699 2403 896 2460 conscientiae
924 2402 1013 2459 nimis
1041 2400 1130 2458 multi

72 2485 202 2548 assunt?
251 2488 307 2546 XV
334 2489 422 2548 liberi
457 2491 592 2549 homines
628 2490 756 2565 populus
793 2492 851 2564 est,
887 2489 1014 2549 totidem
1050 2491 1130 2547 serui

112 2577 241 2651 familia,
269 2578 397 2637 tetidem
423 2580 520 2638 uincti
547 2579 739 2657 ergastulum.
785 2597 824 2637 an
852 2579 1001 2638 adiutorio
1027 2579 1129 2636 multi-

111 2665 184 2724 tudo
217 2685 319 2726 eorum
346 2669 512 2727 necessaria
535 2668 606 2742 fuit,
635 2669 688 2743 qui
714 2667 829 2726 diutine
857 2668 970 2727 hostias
995 2667 1129 2726 lustratis

183 2925 205 2977 F
221 2925 311 2980 114⁸b.
331 2927 424 2995 (912³.
497 2933 513 2980 2
534 2927 575 2982 bis
588 2926 705 2980 hoccine
720 2929 762 2995 (φ)
780 2927 827 2980 sed
841 2927 936 2993 priore
954 2942 970 2978 c
987 2926 1091 2980 induet.

113 3030 243 3084 bexibui
261 3033 302 3103 (φ,
321 3001 467 3088 sedhudd.
482 3034 518 3088 ul.
533 3036 579 3098 m.)
660 3034 833 3104 Vtantdbp)
870 3049 945 3086 cmv
1018 3022 1129 3100 tquod

112 3137 158 3206 (φ,
181 3138 228 3192 sed
249 3140 282 3192 iu
303 3157 355 3210 my.
370 3157 404 3193 m.
419 3141 553 3194 recentius.
569 3117 584 3194 d
599 3141 677 3209 quot)
790 3143 823 3192 14
842 3139 984 3209 denegata
1002 3139 1075 3192 Fulu

111 3207 239 3276 relegata
257 3211 450 3281 Junqermanu
583 3216 616 3265 16
634 3211 723 3282 igitur
741 3214 784 3266 est
802 3226 858 3264 occ.
874 3210 920 3264 Kr
956 3211 1048 3264 leviter
1066 3216 1131 3264 aab

113 3278 201 3347 igitur
219 3281 332 3336 diutina.
348 3283 393 3336 He
501 3288 533 3336 17
552 3285 694 3337 ts—etra
713 3284 790 3351 (eras.
805 3282 860 3335 uid.
876 3283 903 3350 a)
961 3283 1076 3348 qutetra

114 3354 147 3402 20
163 3350 352 3405 adhibeantur
365 3352 430 3407 ‚2He
459 3354 587 3420 cfl52,24
658 3353 828 3422 tu*(eras.')
866 3354 939 3420 ‹p2tu
1011 3358 1045 3404 24
1065 3369 1129 3417 con-

112 3420 233 3498 scientia
251 3423 334 3476 unius
352 3425 393 3478 cet
411 3424 537 3496 (unius)
556 3424 640 3477 nimis
661 3425 769 3480 Gasaub
806 3423 995 3478 conscientiae
1013 3423 1129 3495 (unus)

83 3491 188 3569 ‘tumis
204 3494 312 3547 Noaa‘d‘
351 3495 458 3549 conscii
478 3496 534 3550 duo
553 3499 632 3550 terue
650 3495 734 3549 nimis
753 3496 833 3549 chl
867 3496 914 3550 sed
932 3496 1129 3563 interpretanti.

90 3556 180 3609 md
191 3560 238 3610 ad
249 3566 456 3623 consa'entmm
468 3569 606 3639 pertinet‘
