2498 3840
116 174 157 242 78
395 178 529 234 APVLEI
546 178 730 234 APOLOGIA
748 187 790 236 69.
811 182 844 235 70

62 290 108 330 ΟΜ
1147 296 1167 334 Κ

114 348 294 424 approbant,
318 350 383 408 tum
406 350 534 407 mamma
550 346 743 408 Aemilianus
764 350 835 426 iste,
860 353 912 426 qui
934 352 1025 427 paulo
1048 344 1167 427 prius'm

113 437 365 496 confidentissimo
387 437 542 496 mendacio
566 436 762 496 adseuerabat
783 458 947 515 numquam
966 441 1000 499 de
1019 441 1132 500 nubtiis

112 523 315 585 Pudentillam
339 529 497 604 cogitasse,
524 528 701 603 priusquam
716 528 806 586 ¹foret
828 531 953 607 magicis
976 529 1132 590 maleficiis

113 632 132 673 a
153 632 201 674 me
221 619 332 689 coacta,
350 632 397 674 me
416 617 513 675 solum
530 620 691 692 repertum,
714 616 766 691 qui
786 617 944 677 uiduitatis
964 620 1027 676 eius
1046 619 1132 677 uelut

85 704 263 780 squandam
294 704 502 782 uirginitatem
536 705 716 765 carminibus
753 708 788 764 et
801 700 803 702 ’
818 709 940 766 uenenis
976 708 1131 766 uiolamm.

112 809 201 870 saepe
224 791 328 852 audiui
349 811 410 853 non
432 793 469 852 de
490 794 586 854 nihilo
609 793 670 852 dici
692 795 864 853 mendacem
885 814 1045 855 memorem
1068 813 1131 856 esse

58 896 98 934 ⁵43
112 885 263 958 oportere3
286 885 320 941 at
336 882 402 958 ubi,
424 882 602 959 Aemiliane,
624 900 685 943 non
707 880 792 942 uenit
814 885 846 943 in
871 888 1016 960 mentem,
1033 887 1131 961 prius-

112 990 202 1046 quam
230 990 285 1050 ego
309 969 402 1031 Oeam
428 973 576 1047 usonem,
597 975 629 1030 te
651 972 768 1032 litteras
792 975 896 1049 otiam,
923 976 970 1032 uti
997 974 1130 1050 nuberet,

111 1059 263 1120 scribsisse
293 1061 331 1120 sd
357 1052 360 1142 l
385 1059 481 1119 filium
511 1063 574 1120 eius
604 1061 799 1134 Pontianum,
832 1064 884 1138 qui
913 1065 979 1121 turn
1009 1062 1130 1122 adultus

70 1170 96 1210 1o
109 1144 222 1208 &mae
253 1149 367 1225 apebat.
418 1150 490 1210 cedo
521 1152 556 1209 tu
588 1151 747 1226 epistolam
778 1151 827 1210 uel
854 1153 954 1226 potius
985 1152 1025 1211 da
1055 1155 1129 1227 ipsi:

110 1237 200 1317 legat,
223 1256 278 1298 sna
300 1239 360 1298 sibi
381 1256 454 1298 uoce
478 1239 597 1315 suisque
621 1239 720 1298 uerbis
743 1257 807 1299 sese
829 1242 972 1299 reuincat.

177 1328 270 1387 Estne
292 1329 366 1387 haec
387 1330 443 1386 tua
465 1326 614 1403 epistola?
650 1328 723 1404 quid
743 1327 901 1404 palluisti?
936 1347 1007 1388 nam
1025 1329 1128 1388 erube-

110 1433 190 1475 scere
208 1420 243 1476 tu
262 1417 381 1493 quidem
399 1435 460 1476 non
477 1419 571 1493 potes.
614 1420 696 1476 estne
716 1420 771 1475 tua
791 1419 852 1476 ista
875 1417 1074 1477 subscribtio?
1093 1449 1127 1460 -

108 1497 220 1586 recillta
252 1523 361 1581 quaeso
394 1506 518 1580 elarius,
553 1508 590 1565 ut
620 1524 722 1566 omnes
753 1506 943 1584 intellegant,
981 1511 1127 1583 quantum

69 1615 94 1656 15
108 1595 214 1672 lingua
236 1597 299 1654 eius
321 1612 414 1653 manu
436 1592 597 1672 discrepet,
621 1597 825 1672 quantumve
847 1597 946 1656 minor
967 1590 1059 1674 illi[s]
1086 1599 1128 1656 sit

108 1700 224 1742 mecum
247 1702 338 1759 quam
361 1700 461 1744 secum
483 1684 638 1744 dissensio.
663 1715 701 1725 —

176 1772 367 1848 Scripsistine
385 1773 467 1847 haec,
485 1773 663 1847 Aemiliane,
684 1791 761 1849 quae
778 1774 857 1832 lecta
875 1771 965 1832 sunt?
1004 1769 1126 1833 ‘nubere
1142 1775 1167 1829 a

106 1861 192 1921 illam
215 1862 292 1920 uelle
316 1865 347 1922 et
368 1862 474 1922 debere
493 1864 563 1936 scio,
586 1862 638 1921 sed
662 1880 751 1938 quem
773 1863 867 1940 eligat
884 1857 1004 1922 nescio?
1045 1865 1126 1922 recte

107 1954 141 2008 tu
160 1952 293 2026 quidem:
316 1951 481 2027 nesciebam
504 1951 677 2010 Pudentilla
695 1953 774 2010 enim
792 1952 859 2025 tibi,
882 1953 965 2010 cuius
984 1953 1125 2011 misstam

66 2060 92 2100 ao
106 2041 328 2117 malignitatem
350 2040 443 2115 probo
465 2043 563 2115 norat,
585 2040 621 2099 de
643 2043 711 2116 ipsa
728 2059 761 2100 re
783 2043 912 2115 tantum,
935 2043 1066 2100 ueterum
1089 2040 1124 2099 de

105 2131 234 2203 petitore
256 2129 333 2188 nihil
355 2129 516 2188 fatebatur,
558 2131 591 2189 at
612 2132 647 2188 tu
669 2130 741 2188 dum
764 2147 830 2188 eam
847 2132 936 2205 putas
960 2130 1124 2188 etiamnum

107 2214 194 2277 Claro
217 2210 305 2277 fratri
327 2220 380 2278 tuo
403 2217 611 2292 denubturam,
632 2218 712 2278 falsa
733 2237 786 2294 spe
807 2219 946 2277 inductus
965 2217 1028 2277 filio
1052 2237 1123 2294 quo-

106 2325 162 2381 que
195 2307 257 2366 eius
290 2308 437 2366 Pontiano
470 2310 575 2367 auctor
607 2307 793 2367 adsentiendi
824 2309 917 2366 busti.
972 2309 1067 2385 igitur
1098 2310 1124 2367 si

107 2393 194 2454 (llaro
217 2395 375 2471 nubsisset,
397 2395 512 2455 homini
532 2395 684 2456 rusticano
704 2398 738 2455 et
752 2396 902 2472 decrepito
922 2396 993 2472 seni,
1017 2400 1122 2472 sponte

65 2506 90 2546 es
105 2503 171 2544 eam
190 2485 301 2544 diceres
320 2488 384 2544 sine
402 2485 466 2543 ulla
482 2485 584 2564 magia
602 2485 663 2544 iam
684 2483 757 2544 olim
775 2484 956 2545 nubturisse:
981 2488 1122 2560 quoniam
1137 2499 1163 2537 81

103 2575 243 2633 iuuenem
265 2575 358 2632 talem
385 2575 503 2650 qualem
527 2574 627 2634 dicitis
650 2575 753 2652 elegit,
782 2577 916 2634 coactam
939 2575 1045 2633 iecisse
1068 2577 1123 2648 ais,

104 2665 235 2721 ceterum
265 2682 380 2740 semper
411 2663 531 2722 nubtias
564 2668 763 2739 aspernatam
813 2665 946 2739 nescisti,
979 2663 1121 2739 improbe,

104 2752 265 2829 epistulam
283 2755 367 2811 tuam
390 2753 426 2812 de
449 2754 510 2811 ista
531 2771 564 2811 re
586 2745 690 2827 teneri,
713 2752 836 2812 nescisti
853 2755 884 2810 te
901 2755 1019 2812 tuomet
1036 2754 1120 2811 testi·

102 2843 203 2901 monio
231 2841 401 2900 commotum
427 2842 474 2900 iri⁴
521 2860 611 2918 quam
637 2845 739 2902 tamen
766 2842 924 2917 epistolam
948 2840 1121 2900 Pudentilla

174 3027 449 3097 F119·.olt¹¹18·.
530 3035 602 3098 lap
627 3027 697 3082 bant
734 3043 812 3097 φωρ
837 3028 926 3082 babat
979 3027 1118 3110 approba-

64 3163 69 3172 ,
101 3102 168 3155 runt
186 3101 378 3170 Jumpermaac
450 3044 625 3173 4<florem3
645 3100 704 3154 eius
723 3046 846 3155 Bossclb
895 3098 1119 3172 <sanctitatem

102 3207 162 3262 eius
181 3206 253 3261 Hild
343 3213 358 3261 5
378 3208 410 3262 de
428 3224 540 3263 numne
559 3207 695 3274 cfi52,24
791 3211 824 3260 10
842 3205 940 3260 alebat
960 3173 1009 3276 (φ,
1032 3223 1119 3274 supra

100 3328 155 3370 ooo.
171 3313 235 3368 cdd.
250 3328 284 3368 m.
298 3321 394 3370 recent.
406 3276 419 3338 g
432 3281 490 3385 Ψ)
609 3318 641 3367 15
660 3329 767 3368 manu*
786 3317 865 3383 (eras.
882 3313 910 3382 d)
983 3317 1118 3382 omani

101 3387 150 3490 (m.
165 3422 299 3476 ramses.
314 3422 379 3476 acc.
394 3387 467 3490 gn¹²)
538 3422 701 3490 quantoque
719 3417 787 3475 era
822 3421 932 3488 efisae
999 3418 1058 3471 iuer
1074 3421 1117 3488 (φ)

225 3497 258 3540 ¹6
270 3490 406 3547 distentio
415 3493 460 3562 (φ)
478 3507 548 3547 emo
604 3497 639 3546 18
651 3490 741 3547 uelle*
755 3494 865 3560 (eram
879 3491 978 3546 lineola
993 3490 1079 3544 deleto
1092 3493 1117 3558 'l

274 3565 516 3636 ramesmere
592 3565 811 3634 itcoactutp)
848 3579 924 3617 cmo
994 3560 1119 3628 ‘laepia
