2498 3840
114 162 134 246 s
416 158 751 215 33333333333313
769 165 792 214 c.
815 165 830 214 3

59 271 108 312 oro
1143 273 1184 318 Kr,

113 349 236 407 quaeso,
266 329 338 405 quid
365 328 477 388 habent
503 328 556 387 isti
578 348 681 388 uersus
703 348 735 386 re
759 331 812 388 aut
834 328 926 388 uerbo
949 329 1130 405 pudendum,

114 418 188 494 quid
215 418 334 477 omnino
364 418 443 493 quod
469 418 664 494 philosophus
692 435 779 476 suum
806 417 883 477 nolit
909 416 1025 478 uideri?
1071 420 1130 479 nisi

112 509 189 568 forte
216 507 248 565 in
276 527 310 566 eo
337 507 595 584 reprehendendus
624 525 703 582 sum,
732 507 810 581 quod
835 505 1037 583 Oalpmniano
1063 509 1130 584 pul·

85 597 260 657 ruisculum
287 615 323 654 ex
345 595 482 655 Arabicis
510 595 647 674 frugibus
674 597 819 671 miserim,
848 615 935 671 quem
962 598 1058 655 multo
1082 616 1129 656 ae·

59 698 100 742 333
114 688 202 762 quius
230 688 296 744 erat
322 685 513 760 spurcissimo
540 685 603 742 ritu
629 683 823 758 Hiberorum,
851 687 886 744 ut
913 685 957 743 ait
986 684 1131 760 Catullus,

113 793 168 834 sua
191 774 250 834 sibi
271 775 360 832 urina
384 768 515 832 ‘dentem
534 775 626 848 atque
644 791 760 832 russam
778 775 931 848 pumicare
954 769 1129 853 gingiuam'.

111 863 176 924 uidi
202 883 256 942 ego
284 862 397 921 dudum
423 864 474 921 uix
497 862 590 921 risum
613 862 757 937 quosdam
780 864 921 937 33333313,
950 881 1017 922 cum
1044 864 1165 922 mun-7

113 952 203 1012 ditias
227 952 286 1012 oris
314 951 456 1010 uidelicet
478 952 579 1010 orator
601 952 652 1009 ille
677 970 780 1027 aspere
806 954 959 1010 accusaret
982 955 1013 1011 et
1035 952 1131 1011 denti-

112 1041 232 1100 fricium
250 1043 337 1100 tanta
355 1040 560 1118 indignatione
578 1040 795 1115 pronuntiaret,
814 1044 927 1116 quanta
945 1059 1031 1116 nemo
1051 1044 1130 1117 quis·

74 1151 99 1192 33
114 1149 204 1206 quam
240 1148 398 1188 uenenum.
458 1126 583 1204 quidni?
620 1130 731 1188 crimen
767 1128 848 1187 haud
884 1132 1130 1189 contemnendum

112 1219 301 1297 philosopho,
324 1218 400 1276 nihil
422 1218 455 1276 in
478 1237 509 1277 se
532 1217 684 1276 sordidum
707 1219 812 1292 sinere,
835 1219 911 1277 nihil
932 1219 1048 1295 uspiam
1068 1239 1131 1278 cor·

113 1310 195 1385 poris
223 1309 321 1383 aperti
347 1308 532 1366 immundum
559 1309 625 1382 pati
650 1325 684 1365 ac
707 1307 900 1382 fetulentum,
926 1300 1127 1388 praesertimi

59 1410 100 1450 334
114 1415 156 1471 33,
179 1397 264 1456 cuius
287 1396 319 1454 in
341 1397 502 1471 propatulo
525 1398 555 1454 33
578 1395 735 1470 conspicuo
759 1415 830 1454 usus
852 1397 968 1455 homini
991 1396 1131 1456 creberri-

112 1503 193 1560 muS,
220 1485 284 1544 siue
311 1484 362 1542 ille
391 1485 523 1560 cuipiam
551 1485 683 1544 osculum
712 1484 790 1543 ferat
817 1503 869 1543 seu
896 1504 963 1544 cum
986 1488 1130 1562 quiquam

74 1595 98 1635 33
113 1574 326 1634 sermocinetur
353 1573 417 1633 siue
448 1573 480 1631 in
508 1572 656 1632 auditorio
689 1573 827 1632 dissertet
859 1575 923 1633 siue
954 1575 986 1632 in
1017 1577 1130 1653 templo

112 1681 214 1740 preces
234 1664 356 1739 alleget:
375 1681 493 1721 omnem
515 1663 626 1737 quippe
644 1662 772 1721 hominis
792 1665 893 1721 actum
912 1681 1007 1722 sermo
1023 1666 1131 1740 praeit,

114 1752 179 1828 qui,
207 1755 243 1810 ut
270 1751 426 1828 aitpoeta
449 1753 635 1828 praecipuus,
658 1751 794 1809 dentium
816 1771 901 1811 muro
924 1752 1129 1828 proficiscitur.

114 1842 198 1900 dares
226 1859 305 1899 nunc
332 1841 463 1917 aliquem
491 1839 629 1898 similiter
659 1839 903 1918 grandiloquum:
935 1841 1046 1901 diceret
1076 1861 1130 1901 suo
1145 1854 1171 1892 11

113 1949 195 1989 more
219 1932 408 2005 cumprimis
432 1929 480 1988 oui
502 1929 567 1986 ulla
587 1929 671 1986 sandi
694 1947 766 1988 cura
788 1931 828 1988 sit
845 1929 1010 2005 impensius
1033 1934 1130 1990 cetero

74 2041 100 2080 33
115 2037 237 2094 corpore
270 2037 301 2077 os
334 2019 504 2092 colendum,
542 2017 621 2093 quod
653 2021 730 2077 33333
762 2018 855 2076 animi
886 2019 1069 2078 uestibulum
1102 2023 1132 2078 et
1227 2074 1229 2077 ,

115 2107 258 2170 orationis
281 2109 373 2166 ianua
396 2110 426 2166 et
450 2107 665 2185 cogitationum
689 2107 851 2174 comitium.
897 2127 952 2185 ego
976 2111 1054 2167 33333
1077 2129 1131 2185 pro

113 2215 179 2255 meo
203 2198 295 2271 captu
318 2195 443 2254 dixerim
465 2196 541 2253 nihil
563 2195 662 2254 minus
683 2215 774 2272 quam
797 2197 857 2255 oris
879 2196 1015 2255 illuuiem
1038 2198 1131 2257 libero

114 2288 145 2344 33
175 2285 294 2344 liberali
325 2285 393 2343 uiro
425 2287 599 2361 competere.
651 2287 696 2342 333
723 2285 802 2342 enim
834 2303 869 2343 ea
900 2304 970 2360 pars
1002 2283 1132 2345 hominis

113 2375 179 2433 loco
203 2374 294 2446 celsa,
319 2376 386 2432 uisu
408 2376 556 2449 prompta,
580 2391 637 2431 usu
660 2373 801 2448 sacunda3
824 2393 895 2432 nam
919 2374 1038 2449 quidem
1061 2375 1132 2434 seris

74 2483 100 2523 25
114 2466 145 2522 33
172 2463 335 2538 pecudibus
363 2481 395 2521 os
422 2463 534 2521 humile
563 2465 593 2520 et
620 2462 757 2521 deorsum
789 2463 828 2521 ad
856 2462 945 2538 pedes
976 2463 1133 2539 deiectum,

114 2551 242 2630 uestigio
266 2554 296 2610 33
314 2550 424 2627 pabulo
443 2550 621 2627 proximum,
644 2570 798 2626 nunquam
817 2552 909 2610 ferme
929 2552 989 2610 nisi
1005 2554 1132 2611 mortuis

186 2775 207 2827 F
219 2774 292 2829 105b.
308 2774 397 2842 pi‘b.
464 2780 480 2826 2
494 2773 577 2838 nollit
590 2774 633 2844 (φ)
668 2781 730 2843 post
742 2773 834 2827 uideri
847 2775 970 2843 sequitur
983 2775 1044 2828 uidi
1059 2779 1092 2844 (3.
1105 2778 1134 2845 7)

115 2863 138 2899 3.
154 2847 219 2899 ada.
235 2845 280 2898 ad.
297 2849 365 2912 7‚17
432 2847 476 2916 4βὸ
494 2844 587 2917 *equs
597 2847 676 2915 (eras.
690 2846 745 2899 vid.
760 2848 799 2915 m)
867 2852 883 2900 5
900 2847 998 2900 Catuli.
1013 2864 1035 2902 c.
1046 2851 1134 2914 39,19

179 2923 210 2969 11
235 2916 403 2986 philosopho
427 2934 513 2986 supra
536 2916 608 2969 nihil
631 2917 694 2971 add.
719 2917 777 2971 ead.
801 2935 849 2983 oa,
873 2918 971 2988 lepitur
993 2919 1025 2971 ia
1048 2939 1069 2987 φ

117 3028 149 3079 12
169 3025 269 3091 aperti
287 3024 394 3076 mundi
413 3024 458 3092 (φ,
481 3024 528 3078 sed
549 3024 582 3076 ia
599 3041 650 3095 339.
670 3041 704 3078 m.
724 3025 907 3078 recentissima
927 3000 942 3076 d
959 3025 1082 3091 imfidii),
1102 3025 1134 3078 33

115 3112 166 3166 my.
187 3096 222 3149 al.
242 3112 276 3149 m.
296 3096 393 3149 addi
447 3096 588 3166 archetypi
605 3113 654 3148 um
672 3101 740 3149 recte
758 3096 888 3149 3113133313
905 3095 951 3148 He
1005 3098 1134 3165 apertum

115 3164 287 3238 <opertum>
307 3166 386 3220 odVl
411 3168 527 3235 aspectu
552 3167 646 3221 Rohde
682 3167 716 3232 cf.
736 3167 1060 3234 met.118(22,21E)

117 3242 150 3290 14
170 3240 261 3306 chua
280 3238 322 3307 (φ)
367 3236 502 3304 quiquam
520 3238 560 3292 ed.
580 3237 651 3291 Rom
697 3253 839 3306 quoquam
859 3238 925 3290 Prie
998 3244 1029 3290 17
1050 3239 1132 3292 Heus.

118 3307 167 3362 Od.
187 3329 206 3361 α
226 3312 261 3361 64
330 3312 363 3361 18
382 3310 431 3361 tuo
451 3308 547 3363 Rotae
565 3309 654 3378 inepte
690 3325 740 3362 suo
759 3308 819 3361 iure
837 3310 909 3378 Lips
980 3308 1131 3362 2211133313

116 3381 142 3464 (V
157 3413 190 3450 es
208 3395 227 3448 b
246 3397 289 3463 eff.
309 3395 412 3451 ataid.
432 3396 491 3450 ead.
511 3399 557 3465 m.)
612 3397 751 3466 φι1113313
842 3403 876 3451 24
894 3396 1016 3451 fecunda
1033 3415 1049 3451 3
1055 3419 1065 3463 ,·
1087 3398 1134 3451 sed

115 3468 208 3531 differt
220 3468 297 3521 honio
317 3485 334 3520 3
350 3469 501 3536 pecudibus
514 3485 552 3535 eo,
572 3471 643 3538 quod
662 3470 783 3538 loquitur
855 3468 1009 3524 2311331113
1024 3471 1067 3522 cst
1081 3469 1135 3538 (333

94 3546 177 3592 ‘ms
192 3537 263 3593 sm
284 3543 372 3590 antea
391 3541 516 3606 caduct.,·
533 3540 606 3596 deest
624 3541 655 3594 in
674 3543 707 3610 φ)
