2498 3840
41 149 45 162 “
141 183 183 247 86
388 182 522 236 nevum
538 159 722 237 Arctoam
742 188 783 236 re.
805 187 900 237 aare

86 293 139 333 cua
1165 293 1210 332 *Ka

85 345 304 428 'coepurissatas
332 371 421 430 genas
450 355 480 409 et
507 352 611 420 inlices
638 352 747 412 oculos.
794 351 846 410 dos
874 354 940 411 erat
967 371 985 410 a
1011 352 1210 414 cremando

140 443 237 500 omnis
263 441 302 500 ad
328 443 524 499 terruncium·
538 440 634 516 pridie
662 444 782 517 sumpta
804 445 836 504 et.
857 441 977 517 quidem
990 433 992 521 Ι
1005 441 1156 518 grandior,

140 549 230 606 quam
253 530 358 597 domus
381 530 525 588 exhausta
547 532 578 587 et
600 530 690 604 plana
712 530 813 588 liberis
836 531 1017 606 postulabat.

207 617 265 678 Sed
293 621 373 677 enim
399 620 470 693 iste,
500 620 534 677 ut
561 620 607 677 est
632 621 678 677 rei
704 619 851 692 modicus,
881 623 946 695 spei
966 619 1156 692 immodicus,
1175 618 1210 673 ll

20 704 23 712 ⁴
112 710 207 784 spari
233 710 363 767 auaritia
390 710 421 766 et
448 711 579 786 egestate
611 709 709 767 totum
736 707 923 767 Pudentillae
956 709 1156 785 quadragiens

138 798 381 873 praesumptione
412 815 502 867 cassa
539 797 699 856 deuorarat
735 815 827 872 eoque
869 817 916 856 me
956 797 1157 857 amoliendum

87 947 92 956 „
138 890 231 960 ratus,
255 905 313 961 quo
334 886 453 945 facilius
472 886 615 945 Pontiani
636 885 823 960 facilitatem,
846 885 1033 945 Pudentillae
1052 887 1157 945 solitu-

139 975 239 1033 dinem
262 976 497 1049 circumueuiret,
522 974 590 1033 iniit
613 991 865 1052 generumsuum
887 975 1054 1053 obiurgare,
1077 975 1157 1050 quod

138 1067 267 1122 matrem
289 1083 374 1124 suam
397 1065 473 1122 mihi
492 1064 703 1139 desponderat;
727 1064 839 1136 suadet,
864 1066 1103 1138 quamprimum
1122 1083 1157 1122 ex

100 1175 125 1214 ιο
139 1156 225 1212 tanto
247 1153 389 1229 periculo,
413 1153 484 1212 dum
506 1154 586 1227 licet,
609 1153 714 1228 pedem
736 1153 856 1226 referat,
870 1165 942 1210 'rem
965 1153 1070 1212 matris
1093 1155 1158 1228 ipse

138 1243 239 1319 potius
271 1242 382 1302 habeat
409 1261 500 1318 quam
526 1242 642 1300 bomini
669 1244 798 1301 extrario
831 1243 925 1301 sciens
957 1244 1158 1321 transmittat3

139 1334 172 1390 ni
193 1334 238 1390 ita
261 1332 367 1404 faciat,
390 1332 477 1390 inicit
500 1331 673 1407 scrupulum
695 1332 811 1390 amanti
833 1331 1054 1390 adidescentulo
1077 1334 1159 1389 uete-
1191 1360 1193 1363 ·

139 1424 235 1495 rator,
262 1422 397 1479 minatur
424 1439 454 1478 se
479 1419 574 1478 filiam
597 1419 805 1478 abducturum⁸¹
849 1420 921 1495 quid
944 1417 1068 1478 multis?
1113 1422 1158 1477 iu·

140 1529 246 1568 uenam
274 1510 453 1585 simplicem,
480 1511 636 1585 praeterea
662 1526 758 1568 nouae
785 1511 897 1584 nuptae
925 1509 1080 1567 inlecebris
1106 1509 1159 1567 ob·

101 1601 291 1662 refrenatum
308 1616 361 1657 suo
382 1597 532 1666 arbitratu
550 1598 587 1656 de
605 1599 657 1656 uia
680 1597 818 1656 deflectit.
859 1599 886 1656 it
903 1598 955 1656 ille
974 1599 1012 1656 ad
1031 1600 1159 1655 matrem

140 1687 298 1746 uerborum
325 1686 426 1745 Rufini
453 1688 587 1763 gerulus,
614 1686 667 1746 sed
693 1689 892 1767 nequicquam
918 1689 1067 1762 temptata
1095 1689 1158 1744 eius

99 1835 102 1839 ,
141 1778 290 1855 grauitate
317 1777 398 1835 ultro
430 1775 494 1851 ipse
522 1777 656 1836 leuitatis
689 1779 719 1834 et
750 1776 968 1835 inconstantiae
996 1776 1159 1850 increpitus

88 1923 92 1932 ,
140 1857 294 1947 reporfiltat
317 1865 356 1924 ad
378 1883 512 1924 socerum
533 1865 615 1932 haud
637 1866 754 1925 mollia:
777 1867 869 1924 matri
888 1883 958 1924 suae
978 1867 1096 1941 praeter
1114 1866 1159 1922 iu·

141 1957 262 2034 genium
284 1955 522 2028 placidissimum
544 1954 692 2014 immobili
714 1957 793 2012 iram
812 1973 928 2031 quoque
948 1974 1002 2013 sua
1021 1956 1159 2028 expostu-

101 2065 127 2105 ιο
141 2045 253 2103 latione
282 2043 451 2117 accessisse,
475 2063 535 2102 non
558 2043 706 2103 mediocre
733 2045 917 2120 pertinaciae
940 2045 1160 2116 adiumentum

141 2132 328 2207 respondisse
355 2152 422 2191 eam
444 2133 571 2208 denique
599 2152 658 2192 non
686 2133 768 2191 clam·
791 2151 821 2192 se
850 2150 912 2191 esse
935 2132 1035 2189 Rufini
1059 2150 1160 2189 exora-

141 2223 223 2280 tione
242 2215 342 2279 secum
360 2222 556 2297 expostulari3
580 2241 614 2281 co
634 2223 683 2280 uel
701 2222 797 2299 magis
815 2221 875 2280 sibi
894 2222 1039 2280 auxilium
1056 2220 1160 2278 mariti
1175 2231 1203 2268 88

142 2310 301 2370 aduersum
324 2312 387 2369 cius
411 2311 599 2387 desperatam
621 2312 783 2369 auaritiam
805 2310 1046 2384 comparandum.

209 2399 298 2458 Hisce
327 2399 437 2458 auditis
466 2400 657 2458 exacerbatus
681 2400 853 2473 aquariolus
882 2399 937 2456 iste
965 2400 1065 2458 uxoris
1089 2417 1160 2456 suae
1178 2397 1215 2450 78

103 2511 128 2550 as
142 2491 187 2548 ita
209 2491 256 2548 ira
280 2490 441 2562 extumuit‚
464 2490 511 2561 ita
532 2488 642 2547 exarsit
664 2489 777 2561 furore,
800 2487 889 2545 utin
913 2489 1054 2545 feminam
1077 2505 1161 2545 sauc-

141 2580 290 2637 tissimam
314 2579 344 2636 et
366 2577 591 2653 pudicissimam
614 2580 769 2652 praesente
792 2577 855 2636 filio
879 2578 941 2635 eius
965 2577 1056 2653 digna
1080 2575 1160 2633 cubi·

214 2711 325 2766 Flaob.
346 2712 455 2780 arceb.
526 2718 538 2762 1
555 2710 644 2765 illitos
663 2695 730 2765 aa
797 2709 972 2764 narnensis
987 2712 1029 2777 (φ)
1066 2674 1161 2762 corin-

143 2783 218 2836 cium
232 2800 247 2836 c
287 2783 460 2837 terruncium
477 2784 609 2853 Plasbery
626 2784 661 2848 cf.
673 2783 821 2837 Buecheler
831 2782 884 2835 Ra.
896 2782 938 2834 M.
949 2781 1054 2835 XLVI
1062 2785 1160 2847 (1891)

143 2894 200 2945 236
272 2894 288 2942 ὁ
307 2888 488 2959 pudentilla*
505 2889 570 2958 (oid.
586 2905 654 2943 erae.
666 2891 692 2959 ⁸)
765 2865 948 2958 quadrigiens
965 2888 1125 2957 (eraclea)

141 2974 320 3067 *mildragios
335 2998 364 3065 (a
382 2998 414 3049 ia
431 2999 497 3065 raa)
571 3001 586 3048 6
606 2995 757 3049 deuorarat
771 2997 814 3066 (φ)
833 3013 852 3048 u
870 2995 1024 3064 rediatepr,
1042 2994 1089 3047 sed
1106 2994 1164 3058 fuit

180 3073 196 3121 8
216 3066 423 3122 οἰτοιίιιθιιί*ῐ8ι
442 3069 466 3136 (r
483 3084 517 3121 ea
538 3067 561 3134 l,
581 3084 649 3121 eras.
665 3067 688 3132 s,
711 3069 743 3119 ia
760 3084 812 3137 my.
828 3085 861 3121 m.
876 3072 981 3120 vetusta
999 3066 1062 3118 add.
1078 3063 1126 3132 nde)

139 3145 179 3195 ,10
198 3139 225 3193 se
243 3139 318 3191 ferat
336 3141 378 3209 (φ)
415 3155 490 3192 cmc
563 3143 595 3194 12
613 3137 723 3191 faciat*
743 3139 807 3206 (oid.
822 3139 907 3205 fuisse
925 3136 1042 3201 iaciant,
1061 3137 1092 3188 ia
1110 3153 1163 3205 rap.

136 3230 179 3264 m.
193 3216 243 3265 oet.
259 3212 281 3275 t)
351 3209 480 3277 oziaciat
589 3215 622 3262 13
642 3207 763 3262 minator
782 3212 808 3277 (o
827 3214 892 3262 mat.
908 3209 939 3261 ta
957 3225 976 3260 u
995 3208 1053 3261 ead.
1068 3209 1113 3275 m.)

137 3282 332 3336 abducturam
346 3282 389 3350 (φ)
407 3281 453 3335 aed
466 3281 521 3334 vid.
532 3298 619 3348 pr.-m.
630 3297 663 3334 ex
678 3296 723 3333 am
738 3281 780 3347 eff.
792 3298 837 3333 vm
915 3284 947 3331 19
961 3278 1105 3331 immobile
1120 3281 1164 3346 (φ)

138 3355 276 3407 calebo
348 3357 382 3404 ‘20
401 3352 511 3406 aluffrtd
526 3352 548 3421 (l
562 3352 714 3418 cideffiex
727 3351 747 3420 l)
785 3351 954 3419 q:adiuffiti1
998 3349 1165 3404 alimentum

140 3425 202 3479 eod.
219 3424 302 3478 Folo.
340 3440 378 3476 aa
397 3422 571 3476 alumentum
589 3423 654 3478 .?He
742 3423 820 3492 21s22
840 3421 1000 3477 exoratione
1020 3424 1062 3490 (φ)
1118 3436 1165 3472 ex-

127 3495 302 3546 hortatone
319 3495 399 3548 codd.
410 3496 472 3549 dett.
537 3510 571 3548 ex
590 3493 717 3549 oratioue
736 3490 788 3561 de'f.
804 3495 876 3547 Hild
896 3495 926 3558 (i.
941 3510 962 3546 e.
977 3510 1010 3545 ex
1028 3494 1127 3559 uerbis)

114 3559 157 3616 ef
168 3563 266 3622 9210
340 3570 377 3617 24
396 3567 433 3632 ef
450 3567 595 3624 Bracata
611 3568 706 3624 aanor.
722 3565 760 3622 aa
777 3565 855 3622 ceu.
866 3571 981 3619 nana.
993 3565 1044 3615 1ss
1057 3568 1099 3616 ee.
1110 3567 1166 3618 620
