2498 3840
117 176 158 240 76
396 176 530 231 APVLEI
548 176 730 232 APOLOGIA
750 183 790 231 eu.
811 181 845 231 oe

61 286 113 327 oud.
1146 288 1186 326 Kr.

114 348 176 405 sint
199 345 399 424 consignatae,
421 347 512 405 tertio
537 349 566 404 et
585 347 692 421 quarto
710 345 776 405 loco
800 345 946 420 obiecera3
968 346 1185 408 nouissimam)

114 437 144 493 et
167 435 270 493 eadem
291 435 527 495 inuidiosissima
546 437 715 494 criminatio
738 435 774 494 de
794 435 862 493 dote
880 436 947 494 fuit.
983 434 1027 493 ibi
1045 453 1133 494 omne

113 525 196 583 uirus
214 524 287 584 totis
306 524 420 584 uiribus
434 523 536 582 adnixi
555 523 713 597 effundere,
731 523 774 582 ibi
792 525 920 582 maxime
937 523 1133 602 angebantur,

114 615 204 688 atque
231 614 276 672 ita
304 613 403 672 dixere
433 633 480 673 me
513 613 655 692 grandem
687 613 788 671 dotem
818 631 887 672 mox
918 615 951 671 in
982 614 1132 689 principio

87 704 330 763 sconiunctionis
358 705 477 762 nostrae
505 703 624 761 mulieri
652 702 766 761 amanti
795 704 916 760 remotis
950 701 1071 761 arbitris
1099 704 1132 761 in

113 792 189 850 uilla
212 793 377 851 extorsisse.
424 811 500 867 quae
524 793 624 850 omnia
646 793 711 850 tam
733 791 823 865 falsa,
850 794 914 848 tam
939 791 1041 864 nihili,
1068 793 1132 849 tam

112 880 215 938 inania
239 880 393 940 ostendam
421 880 553 955 adeoque
579 881 667 938 facile
695 881 725 938 et
752 880 815 938 sine
838 879 901 938 ulla
928 882 1132 939 controuersia

112 969 259 1043 refutabo,
283 971 318 1028 ut
339 969 454 1029 medius
477 969 565 1028 fidius
587 987 699 1042 uerear,
721 968 851 1027 Maxime
874 970 985 1044 quique
1007 969 1039 1026 in
1063 986 1132 1028 con-

113 1059 182 1116 silio
205 1060 286 1132 estis,
309 1077 346 1116 ne
369 1058 531 1117 demissum
554 1061 584 1117 et
606 1058 801 1118 subornatum
819 1076 838 1116 a
858 1076 905 1114 me
929 1059 1133 1116 accusatorem

73 1149 235 1222 reputetis,
254 1149 290 1206 ut
308 1146 453 1205 inuidiam
471 1166 569 1206 meam
591 1149 710 1222 reperta
733 1148 886 1206 occasione
904 1147 1005 1221 palam
1023 1148 1132 1205 restin-

113 1255 242 1312 guerem.
286 1235 361 1294 mihi
384 1236 503 1310 credite,
528 1235 607 1310 quod
629 1234 731 1294 reabse
754 1230 997 1313 intelle<pc>turt
1021 1236 1132 1311 oppido

112 1344 204 1401 quam
224 1325 298 1383 mibi
321 1325 517 1385 laborandum
537 1326 590 1399 est,
613 1344 651 1383 ne
668 1328 733 1384 tam
750 1325 892 1383 friuolam
911 1326 1133 1383 accusationem

112 1433 159 1471 me
182 1416 284 1488 potius
308 1414 414 1472 callide
438 1415 621 1490 excogitasse
644 1432 735 1488 quam
757 1413 825 1472 illos
850 1413 941 1472 stulte
968 1415 1131 1488 suscepisse

113 1504 299 1562 existimetis.

58 1604 98 1642 541
179 1592 266 1650 Nunc
295 1592 364 1650 dum
393 1591 527 1650 ordinem
553 1593 599 1650 rei
625 1590 757 1649 breuiter
783 1609 945 1667 persequor
973 1592 1003 1649 et
1026 1590 1131 1664 efficio,
1146 1589 1186 1644 68

72 1700 98 1741 rc
112 1684 147 1740 ut
168 1683 235 1756 ipse
257 1680 443 1740 Aemilianus
465 1700 498 1739 re
521 1682 643 1758 cognita
664 1680 741 1739 falso
761 1698 792 1738 se
811 1680 849 1738 ad
867 1680 1015 1738 inuidiam
1032 1698 1132 1738 meam

111 1769 268 1828 inductum
296 1771 326 1828 et
352 1770 440 1848 longe
469 1789 488 1828 a
514 1788 585 1828 vero
608 1768 760 1828 aberrasse
785 1787 903 1828 necesse
930 1768 1040 1827 habeat
1063 1786 1131 1828 con·

111 1858 203 1933 fiteri,
232 1878 355 1936 quaeso,
382 1860 430 1918 uti
457 1858 554 1918 adhuc
581 1859 691 1917 fecistis
717 1858 765 1916 uel
788 1860 814 1918 ai
837 1876 896 1934 quo
919 1859 1015 1936 magis
1039 1860 1131 1916 etiam
1147 1869 1174 1908 79

112 1948 251 2023 potestis,
282 1950 384 2023 ipsum
414 1949 528 2006 fontem
558 1950 588 2005 et
617 1947 843 2005 fundamentum
873 1947 979 2006 iudicii
1007 1947 1131 2005 huiusce

71 2057 98 2098 ro
113 2037 341 2114 diligentissime
365 2038 559 2114 cognoscatis.

179 2125 310 2184 Aemilia
332 2125 512 2200 Pudentilla,
535 2143 612 2201 quae
635 2142 714 2183 nuno
732 2125 808 2182 mihi
830 2144 904 2184 uxor
928 2128 980 2200 est,
1004 2144 1039 2183 ex
1058 2143 1130 2200 quo·

112 2214 182 2272 dam
201 2213 313 2272 Sicinio
328 2213 442 2288 Amico,
462 2215 584 2289 quicum
601 2216 691 2272 antea
709 2213 803 2272 nubta
821 2214 929 2287 fuerat,
948 2213 1130 2272 Pontianum

112 2305 143 2361 et
174 2303 338 2361 Pudentem
374 2303 452 2362 filios
489 2304 594 2380 genuit
629 2320 738 2378 eosque
774 2303 906 2377 pupillos
941 2302 1061 2362 relictos
1097 2305 1131 2360 in

110 2393 260 2466 potestate
292 2393 411 2466 paterni
442 2394 493 2450 aui
524 2423 566 2432 —
596 2410 667 2450 nam
699 2392 858 2465 superstite
890 2394 976 2466 patre
1007 2391 1130 2450 Amicus

71 2499 97 2540 aa
112 2480 278 2539 decesserat
294 2513 327 2520 —
350 2472 352 2561 Ι
372 2500 426 2556 per
449 2498 542 2540 annos
565 2481 659 2539 ferme
682 2479 920 2556 quattuordecim
943 2480 1131 2539 memorabili

110 2571 224 2644 pietate
252 2569 354 2628 sedulo
382 2569 472 2643 aluit,
499 2588 559 2628 non
585 2571 687 2628 tamen
714 2569 843 2627 libenter
867 2570 900 2626 in
926 2571 992 2644 ipso
1021 2571 1129 2628 aetatis

112 2676 182 2717 suae
213 2658 284 2717 flore
316 2660 380 2717 tam
408 2657 459 2716 diu
487 2658 587 2717 uidua
633 2658 685 2718 sed
711 2676 873 2734 puerorum
900 2676 974 2716 auus
1001 2660 1131 2716 inuitam

185 2863 290 2917 onec
307 2863 395 2931 alib.
456 2862 588 2917 tadnexi
603 2865 646 2932 (φ)
682 2879 753 2917 cmc
791 2863 917 2917 ‘cesum'
934 2863 1006 2916 Hild
1060 2860 1128 2915 cffu-

112 2934 204 3002 dcrec
230 2935 368 3002 fortrectc
394 2935 505 3001 cf.81,9
524 2935 572 2989 sed
585 2937 664 3000 c.2,3
719 2932 861 2988 omulieri
916 2933 1024 2987 amanti
1038 2933 1127 3001 (inter.

111 3005 447 3074 ietalac.31itt.‚iuqua
456 3005 529 3059 nibil
536 3006 628 3074 script.
633 3005 692 3072 fuit
695 3025 706 3071 ;
720 3007 751 3058 ic
760 3021 852 3074 mppr.
857 3021 900 3072 pr.
907 3003 935 3073 d)
978 3026 999 3072 φ
1010 3021 1129 3073 porcam

112 3077 286 3132 &coarmavit
320 3077 431 3147 perdite
442 3078 484 3130 cel
496 3076 598 3130 misere
611 3077 729 3130 inseruit
737 3076 875 3132 Rossbach
930 3081 945 3128 9
960 3075 1129 3129 submissum

115 3148 222 3202 Wower
257 3147 414 3202 immissum
432 3148 504 3217 Lipe
540 3146 672 3201 emissum
692 3146 800 3201 Cusacb
882 3152 914 3200 11
934 3147 1030 3201 reabse
1049 3150 1092 3216 (p)

146 3222 258 3291 intellet
276 3240 320 3308 (m.
334 3238 469 3292 receptisa.
484 3236 548 3291 cdd.
560 3230 624 3304 88η)
678 3221 868 3306 p:intelleffat
978 3241 1010 3289 1o
1030 3237 1059 3288 ct
1077 3235 1129 3292 del.

110 3345 267 3400 HMceller
366 3343 458 3398 officio
478 3343 521 3413 (φ)
539 3358 618 3397 cmc
718 3347 749 3394 17
766 3309 881 3395 “inesse
899 3343 957 3410 (em.
973 3342 1031 3396 eod.
1046 3344 1092 3408 cc.)

111 3414 291 3484 p:aberrasse
365 3419 398 3468 18
417 3414 520 3468 feciros
536 3416 579 3483 (p)
621 3412 729 3466 fecistis
748 3413 815 3467 Pric
857 3412 965 3467 fecistis
983 3429 1034 3466 uos
1053 3412 1129 3466 Ellis

137 3487 168 3534 ei
184 3502 242 3550 qua
262 3487 344 3539 chl
443 3490 476 3539 19
495 3483 637 3538 mandacii
655 3483 714 3539 edd.
729 3490 789 3538 cett.
844 3483 971 3537 inuidiae
991 3484 1093 3537 Gruter

82 3552 403 3622 271'11u1'ta(l2'neolam
423 3559 460 3613 al.
477 3575 512 3613 m.
530 3558 607 3628 add„
626 3563 657 3613 ct
672 3561 788 3626 apparet
807 3572 840 3610 ca
857 3557 955 3622 format
996 3555 1130 3622 uzinuita
