2498 3840
419 189 553 245 APVLEI
570 189 753 246 APOLOGIA
772 197 795 246 2.
816 197 831 244 3
1112 193 1133 256 3

65 304 112 344 Oud
1146 303 1194 343 Kc·-¹

115 362 249 435 timeret,
277 377 311 418 ac
338 361 515 436 praesertim
538 358 667 418 Sicinius
690 359 890 435 Aemilianus,
919 362 1020 436 quisi
1047 363 1134 437 quip-

115 451 199 525 piam
219 450 284 508 ueri
301 451 334 507 in
356 468 404 507 me
427 449 618 524 explorasset,
640 467 795 524 nunquam
811 449 945 524 profecto
964 452 1028 507 tam
1047 468 1133 508 cuno-

116 542 217 597 tanter
238 538 389 597 hominem
413 540 586 596 amaneum
603 539 651 596 tot
667 539 881 613 tantorumque
899 539 1058 597 eriminum
1079 557 1132 615 po·

117 628 265 701 stidasset,
289 628 343 703 qui
363 627 506 684 auunculi
528 629 576 685 sui
597 629 810 685 testamentum
834 627 914 702 quod
936 646 1041 685 uerum
1059 629 1132 687 scie-

116 717 169 775 bat
190 735 244 792 pro
267 716 345 774 falso
368 716 533 790 infamaret,
555 717 644 774 tauta
663 715 783 790 quidem
801 718 976 792 pertinacia,
998 719 1041 790 ut,
1065 735 1133 775 cum
1160 737 1172 776 u

115 804 230 864 Lollius
252 804 380 864 Vrbicus
403 803 439 862 V.
465 802 494 862 Ο.
518 823 623 863 uerum
645 805 742 863 uideri
765 807 795 863 et
817 807 918 864 ratum
941 823 1003 864 esse
1027 804 1133 864 debere

62 908 104 946 ³82
117 895 153 953 de
176 894 299 954 consilio
323 894 524 952 consularium
542 895 676 952 uirorum
694 895 926 969 pronuntiasset,
950 896 1054 953 contra
1073 895 1132 953 cla·

115 985 265 1042 rissimam
288 1001 392 1042 uocem
413 984 561 1041 iurauerit
582 981 811 1042 uecordissimus
833 983 904 1057 iste,
931 985 1032 1042 tamen
1055 983 1133 1042 illud

115 1074 329 1133 testamentum
345 1071 449 1130 fictum
467 1089 539 1145 esse,
563 1071 636 1129 adeo
654 1073 691 1129 ut
709 1089 797 1149 aegre
814 1070 929 1130 Lollius
947 1071 1074 1131 Vrbicus
1094 1073 1131 1131 ab
1159 1093 1171 1133 c

115 1163 177 1221 eius
210 1162 340 1237 pernicie
371 1162 554 1236 temperarit.
606 1179 696 1235 quam
728 1159 850 1235 quidem
880 1179 984 1219 uocem
1016 1164 1046 1219 et
1077 1162 1167 1220 tuad

115 1251 268 1324 aequitate
296 1252 327 1308 et
353 1268 420 1308 mea
445 1241 627 1330 inlnocentia
650 1249 744 1308 fretus
767 1267 853 1325 spero
876 1251 909 1306 in
931 1249 987 1309 hoc
1012 1268 1131 1325 quoque

113 1339 224 1398 iudicio
258 1340 443 1414 erupturam,
476 1339 587 1414 quippe
614 1340 667 1414 qui
694 1339 789 1397 sciens
816 1340 1004 1396 innocentem
1032 1340 1131 1397 crimi-

113 1431 203 1486 natur
226 1446 260 1486 eo
284 1445 355 1486 sane
378 1428 507 1500 facilius,
529 1427 609 1502 quod
632 1429 702 1501 iam,
725 1429 760 1486 ut
783 1427 858 1501 dixi,
880 1429 1026 1486 mentiens
1050 1429 1131 1502 apud

59 1530 100 1569 383
113 1516 297 1593 praefectum
319 1515 387 1574 urbi
409 1518 442 1575 in
465 1516 650 1591 amplissima
673 1532 763 1574 causa
786 1517 939 1575 conuictus
959 1519 1010 1575 est.
1047 1535 1129 1574 nam-

115 1625 171 1681 que
202 1607 357 1681 peccatum
384 1605 476 1664 semel
502 1607 537 1662 ut
563 1604 658 1663 bonus
687 1606 812 1679 quisque
839 1607 943 1680 postea
970 1605 1128 1664 sollicitius
1144 1626 1170 1666 15

113 1697 212 1768 cauet,
239 1696 284 1753 ita
312 1695 365 1768 qui
386 1695 507 1772 ingenio
534 1694 615 1752 malo
644 1696 690 1752 est
713 1693 907 1752 confidentius
929 1695 1062 1770 integrat
1095 1713 1129 1753 ac

112 1786 175 1842 iam
197 1784 233 1842 de
256 1786 354 1841 cetero
379 1801 437 1858 que
461 1783 592 1859 saepius,
617 1801 651 1840 eo
675 1784 808 1857 apertius
832 1782 988 1856 delinquit.
1034 1783 1130 1858 pudor

113 1874 193 1930 enim
214 1873 312 1931 ueluti
334 1873 427 1930 uestis
451 1873 565 1947 quanto
590 1870 750 1930 obsoletior
768 1873 822 1944 est,
844 1872 930 1929 tanto
949 1873 1127 1930 incuriosius

111 1960 245 2019 habetur.
292 1963 322 2019 et
344 1960 411 2019 ideo
435 1962 634 2018 necessarium
658 1958 787 2017 arbitror
809 1978 863 2035 pro
881 1961 1056 2036 integritate
1075 1979 1127 2034 pu-

113 2050 192 2109 doris
214 2051 283 2123 mei,
306 2051 481 2125 priusquam
505 2048 543 2106 ud
565 2066 628 2106 rem
651 2048 818 2126 aggrediar,
840 2039 1010 2129 malelidicta
1028 2051 1128 2106 omnia
1143 2071 1169 2108 ao

111 2140 250 2199 refutare.
297 2139 430 2197 sustineo
458 2137 538 2194 enim
564 2155 624 2195 non
651 2136 739 2195 modo
766 2156 877 2211 meam,
904 2157 1008 2195 uerum
1036 2139 1128 2195 etiam

111 2227 317 2303 philosophiae
348 2226 562 2300 defensionem,
594 2227 661 2285 cuia
688 2225 864 2302 magnitudo
897 2227 946 2284 uel
972 2228 1128 2284 minimam

111 2317 370 2392 reprehensionem
388 2334 442 2391 pro
461 2309 632 2393 <ma>ximo
651 2317 774 2373 erimine
794 2317 982 2390 aspernatur,
1005 2317 1129 2391 propter

182 2502 204 2555 F
221 2503 368 2556 104b105·.
389 2522 410 2570 φ
426 2502 481 2557 1⁸¹³.
552 2508 565 2555 1
582 2501 631 2569 qui
645 2502 695 2556 del.
710 2502 825 2570 Dilthcy
892 2500 1068 2554 binfamar&
1083 2503 1126 2571 (φ)

110 2573 291 2628 infamanto
327 2574 362 2640 cf.
379 2576 444 2639 5,21
517 2572 671 2627 infamaret
689 2574 729 2627 ed.
749 2575 816 2627 Bos.
833 2589 878 2641 pr.
965 2572 1127 2640 peruicacia

110 2646 234 2700 Bcsscto
251 2663 312 2700 cum
330 2645 371 2699 ed.
385 2644 466 2701 Rom.
548 2648 563 2696 6
582 2643 616 2697 U.
632 2643 660 2698 (l.
675 2645 719 2714 (φ)
738 2645 840 2713 aliquis
858 2643 968 2696 erodere
985 2650 1073 2698 conat.
1089 2649 1128 2698 est

147 2721 161 2767 7
183 2714 374 2770 consiliarium
389 2716 460 2783 Lips
478 2714 696 2768 clarissimorum
710 2715 786 2770 Sulci
804 2713 995 2768 consultorum
1009 2715 1126 2769 Hirsch-

109 2787 166 2852 feld
242 2785 432 2840 Sclarissima
459 2802 529 2840 uoce
554 2787 675 2852 Oasoub,
702 2786 783 2852 refut.
810 2785 887 2852 Ocd;
914 2792 952 2840 est
979 2791 1047 2839 certe
1074 2802 1127 2841 coc

110 2859 256 2912 clarissimi
289 2859 390 2913 iudicis
417 2874 500 2926 quam
527 2859 582 2926 Ap.
610 2859 691 2911 etiam
718 2859 750 2910 io
776 2858 828 2912 boc
855 2873 940 2912 causa
967 2863 1126 2924 erupturam

109 2937 201 2997 sperat
218 2947 242 2983 c.
257 2934 293 2982 10
307 2931 390 2997 (Phil.
406 2929 422 2983 t.
439 2927 455 2983 l
471 2946 501 2997 p.
516 2933 580 2996 554)
630 2935 695 2996 post
712 2930 808 2981 tamen
826 2929 1002 2997 disticpuuct
1019 2945 1043 2993 c,
1062 2933 1126 2981 unic

109 3002 205 3054 tamen
220 3001 333 3070 Dilthep
407 3004 438 3053 11
459 2999 572 3071 potate*
591 3001 669 3069 (erus
683 2999 738 3055 oid.
751 3001 776 3069 “)
850 3005 882 3052 12
902 3000 934 3052 dc
953 2998 1057 3067 quippe
1076 2998 1125 3065 qui

109 3073 143 3139 of.
158 3072 232 3126 Pbil.
248 3073 264 3125 l.
281 3072 296 3124 l.
310 3088 339 3139 p.
355 3075 408 3125 544
422 3071 520 3125 Helice
534 3070 611 3140 Sym.
623 3071 738 3138 priscor.
753 3071 845 3138 script¹
861 3072 949 3123 1382
999 3069 1125 3122 sciens-

110 3142 275 3196 criminatur
292 3144 311 3195 i.
330 3160 351 3196 e.
376 3143 504 3211 arquitur
526 3143 594 3196 scire
678 3146 711 3195 16
731 3143 814 3195 cauet
837 3143 859 3210 (t
877 3142 913 3195 cl.
933 3159 981 3206 uu,
1004 3141 1052 3195 sed
1069 3141 1123 3194 oid.

108 3251 193 3316 fuisse
211 3249 244 3318 de)
301 3253 333 3301 17
352 3225 430 3317 sepul
504 3252 536 3301 18
555 3247 724 3302 obsolentior
739 3249 781 3319 (φ)
797 3243 919 3302 rectem?
937 3247 984 3300 sed
1001 3265 1024 3300 o.
1041 3247 1123 3301 Flor.

109 3321 190 3374 XIX
208 3324 330 3388 (185,12
345 3320 393 3387 Vl)
475 3326 509 3372 22
529 3319 594 3372 cula
612 3324 766 3389 (utromque
784 3319 883 3373 liccam
903 3320 939 3372 al.
958 3335 992 3371 m.
1013 3318 1088 3386 odd.)

109 3401 214 3496 pmdiu
232 3430 344 3496 (eros‘)
381 3428 415 3493 cf.
431 3425 539 3480 cuiauis
557 3442 578 3480 c.
591 3430 628 3480 82
700 3426 813 3482 cuiuso
917 3431 953 3476 ‘le
970 3424 1136 3502 puerulum

108 3497 352 3566 (cresceretis,
371 3497 756 3567 puarcmsecuudufuitab
808 3495 958 3568 <exprimo
981 3493 1032 3554 un
1048 3496 1165 3546 seusu-

107 3571 288 3624 recentiesi'om
1010 3636 1027 3662 ἡ

988 3645 1013 3688 X
