2498 3840
406 188 540 244 APVLEI
557 187 740 243 APOLCCIA
759 195 783 242 9.
804 193 836 242 10
1086 187 1126 251 11

1142 298 1181 337 xr.

54 301 112 341 oud.

110 359 194 434 toris,
212 358 245 416 id
258 377 352 436 genus
365 358 502 434 plurima.
540 359 661 418 recitem
678 358 783 434 denno,
802 361 837 417 ut
851 358 947 418 sciant
961 377 1008 416 me
1027 376 1128 416 eorum

111 467 171 506 non
193 447 309 524 pigere:

56 551 96 590 401
178 531 221 594 ‘et
243 533 350 595 Critias
373 555 440 594 mea
462 535 569 594 delicia
592 539 638 595 est
660 538 691 595 et
713 536 807 610 selua,
831 535 967 608 Charine,

56 639 97 678 402
221 642 292 700 pars
314 625 346 682 in
370 642 469 684 amore
492 643 568 701 meo,
590 627 664 698 uita,
687 625 745 683 tibi
767 627 914 698 remanet3

178 733 214 772 ne
237 716 366 789 metuas,
390 733 460 772 nam
482 733 530 773 me
552 714 631 792 ignis
654 717 684 772 et
706 713 785 792 ignis
807 716 922 772 torreat
944 716 979 771 ut
1001 714 1077 786 uult,
1155 733 1167 772 5

220 804 309 861 hasce
332 802 405 861 duas
428 802 572 877 fiammae,
595 803 667 861 dum
690 802 797 879 potiar,
820 804 928 878 patiar.

177 893 234 951 hoc
251 891 340 951 modo
359 893 415 949 sim
434 887 530 966 uobis,
548 909 625 950 unus
644 891 702 951 sibi
721 893 846 967 quisque
864 891 944 968 qnod
962 891 1026 966 ipse
1045 893 1102 950 est:

220 981 277 1039 hoc
299 980 375 1038 mihi
397 997 452 1039 uos
475 981 567 1054 eritis,
591 981 669 1056 quod
693 980 751 1039 dno
775 983 845 1040 eunt
867 975 965 1039 oculi!

109 1071 232 1128 recitem
254 1088 333 1128 nunc
357 1071 387 1128 et
410 1068 497 1144 alios,
526 1089 599 1145 quos
627 1068 673 1127 illi
701 1069 786 1145 quasi
808 1071 1126 1145 intemperantissimos

109 1159 294 1234 postremum
316 1159 427 1235 legere:
1141 1178 1168 1217 ro

178 1242 281 1306 ‘florea
299 1249 388 1322 serta,
407 1266 506 1305 meum
524 1248 593 1321 mel,
611 1247 732 1306 ethaeo
750 1245 807 1304 tibi
826 1248 958 1305 carmina
976 1246 1063 1305 dono.

221 1337 354 1395 carmina
376 1335 453 1394 dono
475 1336 540 1412 tibi,
564 1338 644 1394 serta
666 1338 719 1394 tuo
743 1336 839 1412 genio,
1141 1349 1166 1387 1⁵

56 1438 97 1478 roc
177 1425 317 1500 carmina,
341 1426 396 1499 uti,
420 1424 523 1499 Critia,
545 1425 598 1482 lux
620 1425 693 1484 haec
716 1426 822 1499 optata
844 1428 977 1498 canatur,

222 1532 297 1589 quae
319 1513 365 1573 bis
388 1515 509 1589 septeno
533 1533 601 1573 uere
624 1513 681 1572 tibi
704 1517 825 1587 remeat,

177 1605 256 1662 serta
275 1605 384 1676 autem,
403 1606 438 1660 ut
455 1602 534 1661 laeto
553 1602 611 1661 tibi
628 1605 761 1678 tempore
779 1605 915 1678 tempora
934 1605 1067 1677 uernent,
1141 1621 1167 1660 15

221 1692 330 1750 aetatis
352 1691 455 1750 florem
477 1691 598 1750 floribus
620 1694 657 1751 ut
679 1692 807 1751 decores.

176 1783 211 1839 tn
232 1780 308 1838 mihi
330 1779 379 1840 des
403 1780 507 1839 contra
529 1800 583 1856 pro
607 1800 699 1839 uerno
723 1781 794 1840 flore
816 1782 902 1838 tuum
925 1799 986 1848 uer,

221 1871 256 1928 ut
278 1871 380 1928 nostra
403 1887 543 1944 exuperes
565 1889 691 1928 munera
713 1868 897 1944 muneribus3

175 1977 229 2033 pro
252 1958 390 2035 implexis
413 1959 500 2016 sertis
524 1959 709 2033 complexum
732 1976 854 2034 corpore
876 1957 974 2031 redde,

220 2065 333 2123 proque
355 2048 431 2106 rosis
454 2049 514 2105 oris
537 2049 622 2106 sauia
644 2049 795 2123 purpurei.
1140 2065 1167 2104 ao

177 2136 256 2210 quod
274 2138 300 2194 si
319 2137 451 2194 animam
468 2135 594 2213 inspires
613 2134 727 2209 donari,
744 2139 805 2194 iam
825 2137 957 2194 carmina
975 2138 1077 2194 nostra

222 2224 327 2283 cedent
348 2226 430 2283 uicta
452 2227 505 2283 tuo
529 2224 700 2299 dulciloquo
724 2221 858 2285 calamo.'

176 2311 277 2372 Habes
291 2315 402 2372 crimen
415 2333 522 2389 meum,
536 2312 674 2388 Maxime,
694 2315 779 2388 quasi
796 2313 926 2389 improbi
940 2315 1126 2372 comisatoris
1142 2311 1180 2366 10
1216 2306 1218 2311 '

110 2401 146 2460 de
165 2404 251 2461 sertis
271 2404 301 2461 et
317 2402 441 2462 canticis
455 2403 660 2478 compositum.
692 2403 741 2461 hic
754 2402 831 2460 illud
845 2405 937 2461 etiam
950 2402 1125 2477 reprehendi

110 2482 376 2572 animedluertisti,
396 2491 484 2566 quod,
508 2509 575 2549 cum
594 2491 662 2549 aliis
680 2492 849 2550 nominihus
867 2493 954 2568 pueri
972 2493 1124 2564 nocentur,
1139 2510 1165 2549 ee

110 2598 165 2656 ego
188 2598 238 2639 eos
262 2579 425 2638 Charinum
438 2572 447 2660 Η
461 2582 492 2637 et
516 2579 631 2639 Critian
655 2580 864 2657 appellitarim.
907 2579 1010 2638 eadem
1033 2578 1126 2657 igitur

110 2687 200 2743 opera
215 2673 354 2728 accusent
370 2667 400 2728 C.
412 2666 571 2742 Catullum,
591 2669 670 2744 quod
684 2669 823 2727 Lesbiam
842 2688 896 2744 pro
912 2668 1017 2727 Clodia
1030 2670 1124 2727 nomi·

109 2757 199 2830 narit,
218 2759 248 2817 et
262 2757 396 2816 'licidam
409 2757 557 2832 similiter,
577 2758 656 2833 quod
675 2777 752 2833 quae
767 2758 888 2817 Metella
907 2760 971 2816 erat
984 2756 1126 2816 Perillam

54 2858 97 2898 40⁶
110 2847 275 2921 scripserit,
308 2848 338 2905 et
364 2845 567 2922 Propertium,
598 2848 650 2923 qui
678 2846 838 2927 Cunthiam
866 2848 960 2920 dicat,
987 2845 1125 2905 Hostiam

180 3033 202 3086 F
218 3034 308 3087 106⁸).
328 3039 401 3102 93¹.
467 3039 481 3086 1
501 3051 546 3087 me
564 3051 650 3102 supro
668 3051 764 3088 eorum
778 3035 955 3088 eddredus.
1026 3039 1041 3086 3
1057 3033 1125 3086 deli-

109 3104 196 3158 telcet
210 3104 233 3158 de
247 3106 318 3174 (fait
331 3104 384 3158 -tia
399 3104 439 3158 est
453 3104 485 3172 de,
500 3104 523 3158 de
536 3106 622 3159 delere
636 3112 801 3160 conclusere
815 3106 924 3174 aliqais,
939 3105 1023 3158 tescet
1038 3105 1074 3158 al.
1090 3122 1123 3157 m.

109 3177 141 3229 ic
154 3193 209 3230 ras.
224 3176 278 3246 eff.)
310 3175 457 3244 'p2delicie
476 3175 530 3230 stet
565 3193 589 3229 o.
605 3178 678 3230 Phil.
694 3177 710 3230 l.
726 3178 743 3231 l.
754 3181 850 3246 poce
939 3181 972 3229 13
991 3177 1125 3244 exoptata

110 3248 205 3302 Braat
277 3252 309 3300 17
325 3246 378 3300 das
388 3247 431 3316 (φ)
469 3247 535 3301 dac
573 3248 621 3300 des
637 3249 682 3302 Kr
750 3252 783 3301 ‘20
798 3247 875 3300 sauia
890 3249 933 3316 (φ)
947 3265 966 3300 u
982 3254 1045 3301 creat.
1061 3246 1124 3299 lab

109 3335 143 3373 m.
158 3318 222 3385 fort.
237 3319 296 3372 eod.
386 3323 415 3370 21
439 3318 535 3371 animi
554 3320 596 3388 (φ)
643 3319 766 3372 animam
786 3318 849 3374 Colo
895 3318 991 3371 aulum
1010 3320 1125 3387 (servolo

110 3388 280 3459 dona)Salm
318 3388 478 3460 donadepp)
515 3389 617 3443 donaci
628 3390 727 3458 Haupt
770 3392 886 3460 nam(‹p,
901 3391 947 3443 sed
960 3407 979 3442 n
993 3394 1125 3443 raemut.

109 3495 143 3548 ia
160 3495 181 3566 i)
265 3500 299 3548 25
318 3472 382 3564 pu⁰ri
402 3498 458 3566 (em.
474 3495 533 3552 ead.
548 3499 596 3569 on.)
675 3501 709 3550 ‘ll
733 3496 836 3550 catuh‘n
852 3497 900 3575 tryx
971 3497 1013 3540 aa
1034 3485 1164 3556 &pescia

106 3568 136 3636 (a
153 3567 305 3638 redactam,
324 3569 374 3624 ced
390 3569 446 3625 eid.
461 3570 564 3644 fcisse)
603 3588 693 3641 cram
773 3566 944 3635 Qut‘mm
958 3576 977 3610 a
