2498 3840
113 179 156 244 60
393 181 526 236 APVLEI
544 179 728 235 APOLOGIA
747 186 788 234 53.
809 186 844 235 54

61 290 112 330 oce.
1119 292 1185 332 m.

24 408 27 418 ,
112 350 205 408 fuerit
221 345 348 427 ignoro?
382 351 461 410 solus
477 353 612 426 repertus
627 368 667 423 es,
684 349 862 424 Aemiliane,
882 350 934 425 qui
947 350 1023 409 scias
1038 351 1131 408 etiam

112 438 168 496 illa
189 430 200 519 ΙΙ
222 457 299 513 quae
326 439 435 514 neseis,
464 441 583 497 tantum
610 457 700 514 super
726 441 822 498 omnis
851 440 983 498 stultitia
1010 442 1130 498 euectus

113 545 152 601 es,
179 529 289 604 quippe
313 529 367 604 qui
389 527 589 587 sollertissimi
612 529 643 586 et
666 529 803 588 acerrimi
825 528 1070 604 philosophorum
1093 546 1130 586 ne

112 617 139 675 is
167 617 288 692 quidem
315 616 521 675 confidendum
549 635 611 675 esse
640 616 725 675 aiunt
752 635 829 693 quae
856 616 1006 691 uidemus,
1037 620 1069 676 at
1095 620 1130 674 tu
1144 628 1174 668 ⁶³

87 705 150 765 sde
182 705 244 764 illis
277 724 394 781 quoque
426 705 579 779 adfirmas,
616 724 694 782 quae
727 725 823 781 neque
856 707 1036 781 conspexisti
1067 725 1146 763 um-·

113 814 204 870 quam
222 813 318 870 neque
336 794 456 853 audisti.
488 794 653 854 Pontianus
672 796 700 854 si
716 793 832 853 uiueret
846 797 936 870 atquo
954 814 1022 852 eum
1039 795 1131 852 inter·

112 899 244 961 rogares,
267 901 344 959 quae
366 884 479 941 fuerint
501 885 533 942 in
555 884 609 943 illo
632 884 797 957 inuoluere,
820 885 933 942 nescire
956 901 987 941 se
1010 901 1131 958 respon·

113 971 203 1031 deret.
250 971 376 1031 libertus
400 972 515 1048 eccille,
539 973 591 1048 qui
614 973 709 1032 clauis
733 973 794 1032 eius
818 973 878 1031 loci
900 973 932 1031 in
954 972 1132 1031 hodiernum

113 1060 257 1119 habetet
280 1061 407 1120 euobis
430 1063 505 1136 stat,
528 1080 692 1137 numquam
714 1079 746 1120 sc
770 1062 814 1120 ait
835 1063 1011 1137 inspexisse,
1037 1079 1130 1137 quan-

74 1169 100 1209 ιο
115 1168 207 1225 quam
224 1150 288 1226 ipse
308 1152 438 1226 aperiret
456 1152 561 1225 utpote
579 1168 700 1226 promus
719 1150 873 1224 librorum,
892 1151 946 1226 qui
963 1150 1027 1208 illic
1046 1152 1132 1208 erant

114 1238 235 1314 conditi,
257 1258 352 1314 paene
376 1239 485 1298 cotidie
507 1240 538 1299 et
559 1239 718 1314 clauderet,
742 1258 830 1315 saepe
848 1239 1012 1312 nobiscum,
1035 1239 1131 1298 multo

114 1329 233 1404 saepius
257 1329 337 1388 solus
360 1329 496 1403 intranei,
519 1329 647 1387 linteum
668 1328 700 1385 in
719 1347 821 1387 mensa
843 1328 976 1403 positum
999 1330 1133 1386 cemoret

114 1419 177 1476 sine
208 1417 271 1476 ullo
304 1417 417 1495 sigillo,
450 1417 513 1476 sine
545 1417 674 1476 uinculo.
719 1416 825 1492 quidni
852 1414 953 1474 enim?
998 1418 1133 1493 magicae
1178 1408 1184 1417 ¹

61 1517 100 1556 ⁵14
113 1525 160 1564 res
183 1507 215 1564 in
239 1524 273 1564 eo
297 1505 537 1565 occultabantur:
565 1525 599 1565 eo
623 1506 829 1584 neglegentius
853 1505 1057 1580 adseruabam,
1081 1506 1131 1564 scd

73 1612 99 1654 rc
115 1595 193 1652 euim
216 1595 309 1653 libere
332 1594 526 1654 scrutandum
549 1597 580 1652 et
601 1595 829 1671 inspiciendum,
852 1597 879 1654 si
900 1595 1015 1668 liberet,
1039 1596 1132 1653 etiam

115 1683 309 1742 auferendum
332 1687 443 1742 temere
463 1683 656 1759 exponebam,
680 1683 794 1743 alienae
814 1684 966 1743 custodiae
985 1700 1131 1742 commen-

115 1771 235 1846 dabam,
264 1773 361 1832 alieno
389 1773 513 1833 arbitrio
536 1773 754 1848 permittebam.
801 1774 874 1849 quid
896 1774 991 1850 igitur
1013 1774 1132 1848 inprae-

114 1864 278 1922 sentiarum
301 1863 348 1921 uis
367 1861 425 1920 tibi
447 1860 548 1921 credi?
589 1861 707 1938 quodne
725 1861 889 1921 Pontianus
908 1863 1055 1935 nescierit,
1079 1863 1132 1936 qui

113 1950 271 2009 indiuiduo
290 1951 483 2010 contubernio
500 1968 616 2009 mecum
634 1952 720 2025 uixit,
738 1951 771 2010 id
788 1954 819 2009 te
838 1952 921 2024 scire,
940 1969 1029 2026 quem
1046 1970 1131 2008 num-

70 2058 100 2098 ‘ao
115 2059 204 2115 quam
228 2039 356 2098 uiderim
384 2041 443 2099 nisi
469 2058 524 2115 pro
552 2038 718 2099 tribunali?
763 2059 802 2098 an
826 2039 904 2116 quod
931 2039 1056 2098 libertus
1080 2039 1131 2097 ad·
1162 2070 1166 2076 ·

115 2129 227 2201 siduus,
250 2130 299 2186 cui
318 2131 413 2187 omnis
432 2130 561 2188 facultas
580 2129 760 2205 inspiciendi
777 2129 845 2204 fuit,
864 2128 944 2204 quod
960 2130 987 2187 is
1005 2128 1131 2187 libertus

113 2229 174 2276 non
192 2217 312 2291 uiderit,
335 2221 365 2275 te
385 2220 437 2293 qui
455 2236 621 2292 numquam
644 2237 677 2278 eo
699 2219 857 2277 accesseris
875 2215 1009 2277 uidisse?
1049 2217 1131 2276 deni·

114 2325 171 2381 que
194 2308 242 2379 ut,
266 2306 346 2382 quod
368 2325 428 2365 non
451 2306 569 2380 uidisti,
592 2306 623 2364 id
646 2307 708 2366 tale
731 2308 835 2385 fuerit,
863 2307 952 2382 quale
976 2307 1063 2365 dicis:
1086 2308 1131 2364 at-

115 2395 181 2470 qui,
213 2395 317 2469 stulte,
349 2396 377 2454 si
407 2395 496 2453 hodie
524 2395 602 2454 illud
633 2395 818 2455 sudariolum
849 2398 884 2453 tu
915 2397 1132 2472 intercepisseS,

74 2502 100 2544 as
115 2483 260 2559 quicquid
282 2503 317 2542 ex
340 2502 374 2542 eo
397 2503 557 2559 promeres,
580 2503 635 2563 ego
658 2486 810 2561 magicum
832 2502 980 2560 negarem.
1174 2489 1178 2495 '

182 2572 251 2631 Tibi
269 2572 343 2632 adeo
362 2570 513 2648 permitto,
536 2573 614 2651 finge
634 2573 761 2650 quiduis,
785 2575 964 2647 eminiscere,
987 2575 1132 2650 excogita,
1147 2568 1189 2626 54

114 2659 194 2736 quod
220 2663 316 2737 possit
342 2664 493 2741 magicum
520 2663 630 2722 uideri:
657 2666 759 2721 tamen
786 2661 822 2720 de
850 2679 883 2720 eo
911 2664 1012 2721 tecum
1034 2661 1131 2721 decer·

113 2749 218 2809 tarem.
240 2744 244 2830 Ι
265 2753 320 2809 aut
342 2769 397 2828 ego
416 2750 581 2810 subiectum
601 2751 728 2811 dicerem
747 2754 801 2809 aut
822 2751 953 2809 remedio
977 2752 1132 2825 acceptum

75 2952 76 2957 ¹
185 2937 297 2992 Fllob.
317 2957 338 3006 φ
355 2937 426 2992 14“’.
532 2938 686 2992 2ltultitie
704 2939 804 2992 uectus
820 2941 863 3007 (φ)
917 2955 965 2991 ene.
980 2937 1097 2992 Stewecb

115 3013 131 3061 e
156 3008 287 3078 quippini
311 3009 375 3063 coza
421 3009 470 3077 qui
494 2981 543 3064 etr.
563 3011 637 3064 raca
673 3011 707 3076 cs.
723 3013 749 3076 s,
759 3013 796 3063 12
887 3009 928 3080 qr
952 3006 1133 3077 ensnogsra

115 3116 156 3183 (p,
170 3116 217 3168 sed
231 3116 262 3169 in
276 3093 578 3187 mp.m.reeentiss.l’d
593 3118 647 3187 re's)
684 3134 759 3170 emo
800 3114 1013 3186 interrogaretis
1031 3113 1097 3168 ?Kr

115 3203 238 3256 Setiam
256 3203 340 3259 illeo
405 3204 495 3258 clauis
511 3208 554 3275 (φ)
574 3223 589 3260 a
606 3222 694 3274 supro
708 3205 718 3258 i
732 3206 947 3260 adducerent.
1014 3209 1046 3257 12
1062 3187 1135 3256 solbs

115 3278 173 3343 (em.
189 3277 383 3345 summaries.)
438 3276 553 3344 p2solul
569 3279 599 3344 (u
616 3293 650 3331 cx
665 3293 682 3330 a
700 3278 742 3343 eff.
758 3279 794 3331 al.
809 3278 855 3346 m.)
967 3281 1000 3330 15
1020 3274 1067 3328 led
1086 3274 1132 3327 eui

151 3345 248 3414 p÷sed
271 3354 319 3402 cni
390 3346 507 3401 scilicet.
531 3348 606 3402 enim
630 3348 751 3401 Bosschu
775 3350 809 3416 cf.
824 3349 898 3402 Phil.
913 3349 930 3402 t.
946 3348 963 3400 l.
984 3365 1013 3415 p.
1029 3350 1083 3400 575
1096 3344 1133 3410 2

117 3422 149 3470 16
164 3417 311 3486 exponebat
324 3417 353 3484 (b
368 3435 401 3472 ee
415 3436 434 3470 n
448 3420 625 3474 libramento·
638 3420 781 3488 scribeud.)
850 3424 883 3472 26
897 3417 1074 3473 reminiscere
1088 3418 1131 3486 (φ)

103 3489 329 3552 ὡββννῑβιζςο
342 3489 441 3542 collato
456 3493 559 3556 113,12
614 3489 822 3544 comminiscere
843 3490 906 3545 Colo
968 3488 1131 3541 eminiscere

6 3602 12 3615 2
84 3552 150 3608 Q
166 3555 256 3620 ΡΜ]
273 3559 325 3610 Be
362 3561 436 3616 sideru
456 3563 587 3618 nundum
607 3580 652 3634 op.
670 3561 752 3619 Coro.
768 3562 839 3630 Nep.
852 3579 878 3616 o.
893 3561 981 3616 nuto.
994 3564 1043 3626 2,1
