2498 3840
157 153 202 217 40
439 151 574 209 neven
592 150 776 220 ironeam
795 156 901 213 nee.

105 264 363 381 lll'ommuteseas.
408 320 479 380 cedo
507 323 600 394 enim,
628 321 655 380 ei
683 338 738 397 ego
761 320 797 378 de
820 319 945 380 Veneris
974 323 1075 380 statne
1101 263 1248 382 „ihmllj'

147 410 299 471 'dixissem
321 429 416 485 neque
434 409 671 469 interfeminium
693 409 902 483 nominassem,
926 409 1033 484 quibus
1056 409 1179 475 tandem

158 498 258 560 uerbis
277 517 445 560 accusasses
466 499 579 559 crimen
600 496 677 557 illud
695 500 759 557 tarn
782 499 930 558 stultitim
950 517 1040 574 quam
1057 499 1180 575 linguae

158 591 229 657 tuae
249 586 434 665 congruens?
475 607 514 646 an
533 589 692 664 quicquam
711 587 834 647 stultius
853 606 944 662 quam
966 607 1001 646 ex
1024 590 1179 652 nominum

134 677 385 754 spropinquitate
407 679 471 737 uim
497 677 625 736 similem
647 695 746 735 rerum
770 675 956 736 coniectum?
1000 679 1031 736 et
1053 677 1180 739 fortasse

161 786 199 828 an
222 769 362 842 peracute
385 767 550 842 repperisse
573 766 659 825 uobis
682 764 875 839 uidebamini,
899 767 935 824 ut
959 768 1109 841 quaesisse
1132 783 1180 825 me

159 855 312 933 fingeretis
340 855 377 921 ad
404 853 559 915 illecebras
586 857 719 930 magicas
747 854 805 912 duo
832 854 906 913 haec
934 857 1064 930 marina,
1096 873 1179 917 uere·

159 944 259 1004 tillem
277 947 307 1003 et
329 945 473 1020 uirginal3
498 944 577 1003 disce
601 946 680 1002 enim
703 945 826 1003 nomina
843 963 942 1002 rerum
960 942 1079 1018 Latina,
1103 961 1183 1018 quae

160 1036 319 1111 propterea
345 1035 429 1092 uarie
451 1034 618 1106 nominaui,
644 1023 648 1113 1
673 1034 708 1090 ut
734 1032 832 1091 denno
859 1034 1022 1092 instructus
1051 1050 1178 1092 accuses.

121 1145 147 1182 ιο
160 1124 308 1182 memento
324 1124 424 1181 tamen
441 1124 505 1183 tam
522 1122 683 1182 ridiculum
701 1124 911 1199 argumentum
929 1122 992 1180 fore
1012 1121 1180 1180 desiderata

161 1211 200 1270 ad
222 1229 270 1270 res
292 1212 428 1270 uenerias
450 1213 567 1271 marina
593 1210 731 1286 obscena,
760 1213 899 1286 quamsi
926 1211 1007 1270 dicas
1030 1212 1180 1269 marinum

160 1302 311 1375 pectinem
329 1300 469 1360 comendo
488 1299 598 1375 capillo
618 1301 786 1375 quaesitum
805 1299 854 1360 uel
874 1299 1057 1376 aucupandis
1075 1300 1180 1360 uolan-

160 1389 242 1448 tibus
264 1391 376 1465 piscem
400 1390 573 1465 accipitrem
601 1392 655 1447 aut
681 1388 826 1449 uenandis
852 1391 934 1464 apris
960 1390 1073 1465 piscem
1100 1390 1179 1464 apri·

161 1478 261 1550 culum
284 1481 337 1537 aut
364 1478 517 1537 eliciendis
539 1477 665 1537 mortuis
688 1480 806 1537 marina
829 1479 971 1537 caluaria.
1016 1477 1180 1553 respondeo

1 1543 2 1550 ἵ
53 1602 57 1608 -
122 1590 146 1627 15
160 1568 255 1643 igitur
282 1566 321 1626 ad
348 1566 426 1626 hunc
453 1569 586 1626 nestrum
613 1567 712 1626 locum
738 1586 798 1626 non
826 1568 924 1627 minus
950 1567 1062 1626 insulse
1091 1585 1181 1642 quam

108 1669 148 1709 lu
162 1655 288 1719 absurde
307 1657 516 1729 commentum,
539 1675 586 1715 me
604 1655 692 1721 hasce
710 1674 805 1734 nugas
824 1659 956 1716 marinas
975 1659 1005 1719 et
1028 1656 1180 1732 quiscilias

161 1744 291 1805 litoralis
314 1763 410 1820 neque
433 1746 531 1821 pretio
554 1764 649 1820 neque
672 1746 767 1823 gratis
791 1748 950 1820 quaesisse.

228 1833 309 1893 Illud
334 1836 426 1894 etiam
448 1837 604 1909 praeterea
630 1832 802 1910 respondeo,
829 1836 956 1894 nescisse
979 1852 1043 1907 uoS,
1066 1833 1140 1908 quid
1163 1828 1235 1891 abb

162 1943 210 1983 me
233 1925 404 1998 quaesitum
430 1923 589 2001 fingeretis.
636 1923 710 1983 haec
737 1925 817 1983 enim
844 1923 956 1982 friuola
983 1941 1061 1998 quae
1086 1924 1181 1981 nomi·

122 2034 149 2072 eo
162 2013 257 2084 nantis
285 2013 428 2087 pleraque
454 2014 485 2070 in
513 2012 652 2072 litoribus
681 2011 817 2072 omnibus
845 2010 1008 2090 congestim
1041 2014 1072 2070 et
1101 2029 1181 2070 acer·

162 2103 259 2161 uatim
280 2102 380 2163 iacent
403 2103 434 2160 et
456 2103 520 2160 sine
542 2101 634 2162 ullius
657 2119 748 2177 opera
771 2100 938 2176 quamlibet
960 2101 1070 2160 leuiter
1091 2102 1182 2162 mous

162 2189 320 2249 flucticulis
347 2189 427 2248 ultro
455 2189 536 2250 foras
564 2191 752 2249 euoluuntur.
799 2191 872 2265 quin
904 2209 974 2267 ergo
1007 2189 1107 2250 dicus
1134 2209 1182 2248 me

163 2278 266 2337 eadem
294 2296 385 2353 opera
411 2280 508 2354 pretio
538 2280 673 2354 impenso
704 2298 759 2354 per
789 2273 926 2357 plurim[‘
944 2276 991 2354 loe
1023 2280 1181 2353 piscatoris
1196 2286 1223 2324 ⁴⁵

163 2369 314 2442 quaesisse
341 2368 377 2427 de
400 2367 489 2436 litore
512 2368 688 2428 conchulam
715 2369 854 2427 striatam
881 2370 991 2427 testam
1013 2366 1181 2441 habentem,

122 2478 150 2519 es
163 2457 311 2515 calculum
324 2458 459 2530 teretem,
476 2459 631 2533 praeterea
650 2475 824 2516 cancrorum
840 2457 948 2530 furcas,
967 2451 1181 2533 echin<or>um

234 2714 255 2767 F
272 2719 344 2769 112⁸.
362 2733 384 2781 φ
400 2713 438 2767 9³.
512 2720 528 2768 2
545 2680 694 2770 inhiemirla
706 2680 727 2784 ti
741 2716 777 2769 al.
793 2733 827 2769 ue.
842 2713 918 2784 cdd.)
956 2702 1146 2782 c2intfemine

163 2784 355 2839 interfeminia
374 2785 447 2839 Hild
541 2791 557 2839 5
576 2784 728 2840 coniectari
746 2786 805 2841 edd.
824 2791 884 2841 cett.
985 2786 1026 2856 et]
1046 2788 1090 2841 set
1108 2786 1183 2840 Iahm

200 2897 215 2945 6
235 2894 266 2946 at
284 2890 402 2963 quesisse
456 2869 612 2960 macbfiiie
631 2869 656 2959 (⁸
668 2893 779 2947 cddul.
792 2910 824 2947 oe.
835 2899 860 2948 et
874 2909 941 2946 eros.
952 2894 980 2960 -)
1042 2895 1074 2946 ut
1092 2909 1106 2946 e
1124 2894 1181 2946 cod.

164 2962 241 3017 Salsu
276 2964 311 3030 cf.
326 2967 493 3030 47,648,14
516 2963 644 3017 Philll.
656 2968 753 3032 pcc2
762 2981 790 3017 u.
887 2963 929 3028 7l8
947 2963 1080 3018 ueretilld
1097 2965 1130 3031 (φ
1149 2980 1183 3017 cx

163 3032 324 3157 uerentilla?
375 3040 391 3088 9
405 3033 570 3089 instructius
580 3034 651 3102 Ise'ps
702 3040 735 3088 12
750 3033 854 3103 capillo
864 3037 908 3103 (φ)
921 3051 938 3088 o
953 3052 987 3090 ec
1000 3039 1019 3088 n
1033 3035 1181 3101 effecum.

201 3110 234 3158 16
254 3103 307 3172 qsc'
322 3104 366 3158 las
382 3108 424 3175 (φ)
496 3104 665 3174 quisquilias
685 3097 795 3161 Grmlot
830 3107 864 3172 cf.
878 3122 1043 3174 quercetum
1061 3111 1147 3172 41,10

166 3180 198 3228 19
218 3173 379 3244 fribolaw)
408 3176 649 3244 Vecbeffiazu.
722 3183 756 3230 21
775 3176 878 3233 leniter
895 3178 970 3232 Indu
1042 3183 1076 3231 23
1094 3176 1183 3246 pluri-

164 3246 250 3301 misos
264 3248 308 3315 (cpi
325 3264 396 3302 cmc
464 3253 498 3302 24
512 3247 613 3302 echaia
627 3249 669 3316 (φ)
732 3247 895 3320 habentem]
910 3251 1055 3318 patentem
1072 3248 1184 3303 Gronov

199 3317 345 3373 tabentem
360 3318 471 3373 Gronov
484 3320 522 3386 fil.
564 3319 696 3373 hebetem
709 3321 779 3374 codd
793 3320 855 3374 dett.
897 3319 1040 3374 albentem
1054 3321 1147 3374 Brout

164 3389 291 3444 hiantem
309 3389 426 3445 Stewech
494 3389 651 3445 hietantem
670 3391 753 3456 Ellis,
772 3396 804 3444 ut
821 3408 874 3446 ccx
891 3392 996 3446 testam
1013 3407 1075 3446 cum
1093 3391 1182 3444 adiee-

158 3462 219 3512 tico
234 3462 385 3516 coniuncta
403 3462 496 3516 ceteris
514 3462 639 3516 menbris
657 3463 808 3530 aequaliter
825 3463 951 3530 opposito
968 3465 1020 3528 ait;
1045 3463 1080 3528 cf.
1091 3468 1183 3516 tacuere

144 3526 293 3592 ffgffaeqq,
310 3535 443 3600 metm.
522 3538 557 3586 26
577 3532 682 3589 echini
702 3534 745 3604 (φ)
783 3549 857 3588 cmc
